3450 5367
609 323 692 390 78
1700 327 2141 401 Aspleniaceae.

614 506 842 580 gusta,
911 496 1091 579 apice
1116 494 1225 584 {m
1258 496 1420 576 lata,
1483 496 1623 560 basi
1666 505 1972 578 cuneata,
2032 495 2243 558 antice
2283 503 2612 575 truncata,
2671 495 3199 559 inciso-crenata

610 603 798 665 Tirol.
879 603 1127 664 Silesia.
1209 601 1501 682 Asplenio
1530 600 1680 663 fisso
1711 601 1973 681 paulum
2007 599 2235 661 simile.

779 705 1035 768 Exsice.
1096 704 1286 767 Ehrle.
1324 705 1472 766 254.
1511 738 1593 750 --
1625 705 1986 767 Schleicher.
2027 702 2299 765 Thomas.
2340 736 2415 750 —
2450 702 2644 766 Funk.
2686 704 2828 765 469.
2870 733 2956 747 -—
2989 700 3200 782 crypt.

612 806 764 871 Bad.
804 811 947 872 400.
987 843 1067 855 -
1116 808 1289 870 Fries
1335 807 1524 869 Herb.
1572 821 1777 869 norm.
1813 807 1970 870 xlv.
2006 810 2111 870 97.
2166 840 2244 852 -
2304 807 2419 868 Fil.
2458 806 2752 868 Comens.
2807 839 2888 852 —-
2935 804 3202 866 Rabenh.

612 915 716 977 37.
757 945 835 957 -
882 911 1131 975 Brentel
1156 913 1303 973 395.
1339 944 1423 956 —-
1469 911 1661 973 Herb.
1694 907 1924 972 nordd.
1961 909 2073 972 Pfl.
2115 912 2216 972 43.
2271 941 2350 955 -
2411 908 2595 970 Billot
2625 908 2814 970 4796.
2873 942 2949 954 -
3012 906 3199 969 Nestl.

600 1024 676 1078 ‘et
707 1016 911 1097 Mouq.
950 1014 1099 1078 207.
1136 1049 1221 1060 —
1264 1015 1545 1076 Desmaz.
1586 1015 1689 1075 49.
1724 1045 1812 1059 -·
1857 1013 2009 1075 Erb.
2045 1014 2214 1075 critt.
2253 1011 2389 1073 ltal.
2425 1010 2577 1072 902.
2617 1045 2698 1058 —-
2747 1011 2985 1073 Tausch
3013 1010 3203 1072 Herb.

615 1118 867 1180 bohem.
909 1118 1095 1180 4848.
1135 1153 1212 1163 -
1262 1118 1467 1179 Plant.
1505 1117 1572 1179 in
1602 1117 1828 1178 Tauro,
1869 1115 2126 1198 Kotschy
2160 1115 2305 1177 552.

779 1221 960 1284 leon.
1039 1221 1215 1282 Flora
1262 1218 1413 1282 dan.
1465 1221 1608 1281 ⁴90.
1662 1252 1742 1270 -
1799 1201 2077 1282 acimum
2123 1215 2260 1282 80¹·-
2302 1251 2388 1264 -
2444 1213 2697 1278 Svemk.
2744 1217 2879 1278 aot.
2929 1218 3080 1277 306.
3128 1251 3212 1261 -

610 1327 845 1389 Newm.
884 1327 1033 1387 253.
1072 1358 1150 1369 -
1199 1324 1274 1385 E.
1310 1326 1379 1385 B.-
1420 1325 1564 1385 450.
1602 1358 1685 1368 -
1732 1321 1944 1384 Βοῖιοπ
1978 1323 2082 1384 46.
2117 1356 2203 1370 -
2244 1322 2350 1383 Ph.
2388 1322 2480 1383 Pl.
2521 1321 2621 1382 46.
2664 1354 2744 1366 -
2790 1315 2981 1380 Hook.
3019 1321 3122 1380 ΒΓ.
3162 1318 3203 1380 l.

613 1432 718 1492 28.
755 1464 838 1476 -
885 1429 1088 1491 Moore
1121 1428 1222 1487 Br.
1258 1424 1303 1490 f.
1343 1423 1447 1487 78.
1485 1460 1570 1473 -
1615 1427 1798 1488 Lowe
1828 1427 1892 1487 F.
1930 1425 2084 1487 brit.
2120 1424 2247 1487 and
2281 1444 2384 1487 ex.
2435 1423 2567 1487 Vol.
2604 1425 2677 1486 V.
2716 1422 2760 1484 f.
2799 1422 2905 1484 27.

783 1531 945 1594 Ποῦ.
1028 1531 1094 1591 ln
1130 1538 1259 1592 tota
1292 1528 1566 1609 Europa,
1605 1530 1804 1592 muris
1837 1538 1899 1590 et
1931 1529 2223 1611 rupibus.
2278 1529 2560 1591 Calcaria
2602 1538 2796 1590 amat.
2859 1528 3204 1604 Caucasus,

613 1635 873 1696 Tauria:
912 1630 1160 1709 Sudak3
1201 1634 1541 1714 Songaria;
1585 1633 1739 1695 fluv.
1774 1632 2060 1714 Angara;
2115 1634 2360 1695 Taurus
2391 1634 2752 1694 cataoniam
2785 1633 2845 1693 in
2879 1632 3215 1693 Kawkirt-

612 1736 777 1818 dagh
810 1734 890 1799 ad
925 1734 1115 1800 6000'
1142 1734 1595 1818 (Hausslmecht)
1624 1756 1640 1815 ;
1678 1738 1886 1799 Persia
1918 1736 2245 1818 provincia
2261 1733 2578 1798 Astrabad
2620 1733 2905 1818 (Bunye);
2943 1734 3205 1809 lreutia3

615 1844 873 1905 Samara
906 1837 989 1903 ad
1022 1841 1339 1921 Wolgam3
1375 1839 1613 1916 Iberia3
1652 1840 1947 1901 Cashmir
1978 1837 2189 1902 6000'.

788 1945 1002 2007 Planta
1036 1943 1481 2026 polymorpha‚
1533 1961 1791 2024 semper
1829 1953 2042 2006 tamen
2086 1943 2374 2006 examine
2404 1953 2700 2005 accurato
2744 1942 2825 2005 ab
2868 1941 3011 2004 aliis
3056 1961 3212 2023 spe-

613 2051 831 2112 ciebus
875 2046 1344 2128 distinguenda.
1426 2047 1730 2121 Quamvis
1774 2056 2096 2128 segmenta
2142 2044 2462 2109 interdum
2506 2046 2803 2127 Asplenio
2855 2047 3214 2127 germanico

616 2152 844 2216 similia
878 2152 1029 2232 sint,
1052 2161 1278 2213 tamen
1316 2147 1467 2212 haec
1498 2148 1845 2213 similitudo
1874 2150 2063 2232 plane
2095 2160 2356 2213 externa
2391 2159 2513 2211 est.
2596 2146 2944 2212 Glandulas
2977 2149 3042 2209 in
3074 2148 3211 2210 basi

619 2256 830 2339 petioli
877 2272 1160 2335 magnas,
1212 2272 1433 2335 speras
1478 2254 1808 2333 maximas,
1857 2251 2181 2316 indusium
2225 2253 2529 2334 eiliatum,
2580 2253 2952 2316 fasciculum
2997 2253 3214 2333 petioli

617 2360 846 2422 obtuse
881 2359 1046 2421 3-4
1078 2358 1377 2439 angulum
1411 2355 1642 2419 frustra
1677 2358 1739 2417 in
1772 2356 2071 2438 Asplenio
2102 2357 2457 2437 germanico
2489 2355 2904 2438 quaesiveris.

792 2462 940 2524 Illae
972 2460 1312 2543 glandulae
1343 2461 1776 2541 copiosissime
1808 2461 1870 2522 in
1906 2461 2249 2522 rhizomate
2281 2468 2345 2522 et
2375 2460 2438 2524 in
2471 2460 2703 2523 lamina
2736 2459 3019 2525 nondum
3055 2481 3213 2523 evo-

620 2568 748 2629 luta
784 2567 1217 2643 inveniuntur,
1272 2563 1552 2626 breviter
1581 2565 1920 2645 petiolatae
1951 2572 2015 2625 et
2046 2571 2174 2625 tam
2207 2582 2475 2644 magnae
2507 2573 2681 2645 sunt,
2726 2573 2798 2626 ut
2831 2566 3012 2628 facile
3044 2567 3217 2648 algas

622 2669 1081 2733 unieellnlares'
1119 2667 1379 2731 habeas.
1490 2670 1558 2730 ln
1603 2668 1830 2749 petiolo
1879 2666 2226 2728 fasciculus
2273 2668 2862 2750 tri-quadricruris
2924 2669 3217 2752 cylindro

619 2774 848 2835 fibroso
879 2774 1202 2835 concolora
1235 2772 1462 2835 obtuse
1496 2774 1661 2834 3—4
1696 2789 1890 2852 gono,
1945 2789 2070 2832 non
2115 2770 2331 2849 tereti,
2384 2770 2816 2835 circumdatus
2839 2821 2854 2850 ,
2905 2775 2971 2835 in
3016 2775 3217 2855 infimo

621 2876 851 2956 petiolo
895 2876 1041 2938 huic
1082 2875 1367 2957 cylindro
1411 2876 1654 2937 macula
1702 2875 1968 2955 oblonga
2015 2873 2348 2955 subnigra,
2401 2894 2437 2936 e
2468 2874 2713 2938 cellulis
2744 2877 3003 2958 lignosis
3035 2898 3218 2940 com-

618 2983 818 3060 posita
854 2978 1211 3062 praeposita
1244 2987 1362 3041 est.
1448 2977 1649 3053 (Conf.
1686 2977 1988 3040 Ceteraeh
2025 2978 2186 3055 off.).

794 3082 899 3143 18.
947 3084 1025 3144 Δ.
1061 3081 1556 3145 Hamkneehtii
1589 3079 1775 3142 Godet
1803 3087 1879 3141 et
1907 3080 2125 3142 Reuter
2156 3101 2213 3141 m
2235 3100 2265 3143 s
2283 3100 2338 3143 c.
2527 3153 2534 3158 ‚

789 3185 1083 3249 Rhizoma
1127 3183 1304 3247 breve
1346 3182 1682 3263 multiceps
1730 3183 1910 3262 apice
1956 3184 2155 3264 paleis
2202 3184 2491 3265 angustis
2538 3186 2881 3263 vestitum3
2949 3186 3222 3249 cellulae

623 3288 947 3370 palearum
981 3288 1216 3351 lumine
1246 3288 1452 3369 amplo
1484 3290 1858 3349 instructae.
1935 3286 2193 3350 Petiolus
2238 3289 2433 3350 tenuis
2473 3287 2692 3351 viride&
2738 3288 2969 3352 lamina
3018 3293 3220 3353 multo

621 3392 883 3473 Ion9i0r3
949 3391 1178 3453 lamina
1217 3391 1337 3454 late
1375 3399 1557 3455 ovata
1601 3400 1666 3452 et
1694 3392 2230 3472 elonqato-ovata
2259 3392 2473 3455 obtusa
2519 3393 2735 3455 tenui·
2751 3394 3219 3457 membranacea

618 3492 881 3573 fhecida
916 3492 1224 3574 pellucido
1264 3495 1416 3558 laete
1457 3495 1675 3557 vividis
1708 3494 1936 3577 qlabra
1978 3492 2116 3555 basi
2148 3492 2258 3555 bi-
2275 3497 2782 3577 tripinnatisecta.
2894 3498 3222 3580 Seqmenta

621 3598 676 3658 I.
717 3597 789 3658 0.
837 3596 1081 3658 inferne
1123 3596 1332 3659 laxius
1374 3595 1680 3676 disposita
1730 3616 2004 3678 superne
2050 3600 2246 3678 magis
2292 3599 2726 3679 approximate
2765 3599 3058 3681 petiolata
3094 3585 3223 3663 late

620 3708 803 3764 ovata
831 3699 1067 3780 obtusa,
1119 3709 1424 3782 seymenta
1453 3701 1542 3762 ΙΙ.
1584 3701 1653 3762 Ο.
1697 3700 2037 3783 paucijuqa
2076 3703 2517 3784 approximata
2563 3703 2811 3765 sessilia
2853 3703 2897 3764 l.
2932 3701 3226 3765 breviter
3283 3681 3293 3692 ⁸

621 3803 939 3885 petiolata,
976 3812 1282 3886 seymenta
1323 3804 1537 3867 ultima
1571 3823 1602 3866 e
1648 3803 1785 3866 basi
1811 3803 1927 3866 late
1969 3812 2227 3867 cuneata·
2270 3807 2676 3886 integerrima
2722 3806 2978 3870 obovata
3021 3808 3229 3870 antiae

622 3905 883 3969 breviter
912 3906 1129 3970 triloba
1160 3915 1433 3971 erenata.
1497 3906 1650 3968 Lobi
1673 3909 1814 3969 simo
1843 3916 2094 3990 anqusto
2124 3908 2262 3971 basi
2298 3908 2638 3972 rotundato
2661 3911 3037 3988 mterstincti,
3086 3910 3229 3974 lobo

620 4008 810 4071 medio
852 4011 1117 4092 paulum
1161 4017 1490 4091 protracto.
1569 4012 1764 4076 Nervi
1812 4011 2217 4095 subflabellati
2262 4011 2566 4093 pellucidi,
2625 4021 2793 4076 costa
2841 4012 3044 4076 media
3091 4033 3228 4077 non

621 4111 934 4190 distincta3
992 4114 1121 4176 sori
1158 4114 1353 4175 solam
1397 4113 1664 4192 infimam
1695 4116 1984 4197 seymenti
2010 4113 2185 4176 basin
2214 4124 2602 4198 occupantem
2669 4116 2977 4180 indusium
3016 4135 3229 4179 mem-

621 4217 1013 4279 branaceum.
1047 4216 1407 4297 longissime
1467 4219 1766 4299 utrinque
1840 4220 1915 4291 in,
1964 4218 2388 4301 parencbyma
2454 4226 2853 4283 attenuatum
2916 4219 3222 4283 ciliatum.

621 4321 861 4401 Sporae
888 4320 1100 4383 ovales
1130 4338 1365 4401 parvae
1396 4318 1594 4382 dense
1625 4323 2060 4384 muriculatae.

788 4423 955 4486 nab.
1034 4426 1103 4486 In
1148 4425 1395 4488 fissuris
1441 4426 1691 4507 rupium
1740 4416 2162 4487 calcarearum
2214 4428 2441 4489 montis
2475 4422 2755 4506 Begdagh
2789 4444 2980 4506 supra
3012 4427 3233 4489 Mala-—

620 4530 795 4590 tiam.
875 4525 1215 4591 3-4000'.
1296 4529 1550 4612 Septbr.
1623 4526 1712 4610 (G.
1753 4528 2186 4607 Hausslcneclzt,
2237 4530 2364 4591 Iter
2407 4528 3226 4613 Syriaco-Armeniacum.

622 4631 835 4715 ⁴865)
2215 4640 2221 4648 '

794 4735 1052 4816 Species
1084 4734 1335 4796 critical
1419 4736 1723 4814 Quamvis
1756 4734 2008 4797 habitus
2056 4736 2243 4814 hujus
2286 4736 2539 4816 plantae
2571 4744 2700 4798 tam
2733 4738 3068 4819 peculiaris
3100 4742 3232 4823 sit,

621 4847 691 4901 ut
722 4839 923 4919 primo
957 4840 1097 4902 visu
1127 4858 1270 4901 eum
1300 4839 1479 4902 nulla
1511 4839 1629 4901 alia
1661 4841 1872 4920 specie
1903 4841 1985 4902 sit
2015 4838 2483 4916 commutanda,
2533 4849 2744 4902 tamen
2776 4860 2994 4903 omnes
3026 4852 3239 4908 notae
