<?xml version="1.0" encoding="UTF-8"?>
<!DOCTYPE html PUBLIC "-//W3C//DTD XHTML 1.0 Transitional//EN"
    "http://www.w3.org/TR/xhtml1/DTD/xhtml1-transitional.dtd">
<html xmlns="http://www.w3.org/1999/xhtml" xml:lang="en" lang="en">
 <head>
  <title>
</title>
<meta http-equiv="Content-Type" content="text/html;charset=utf-8" />
  <meta name='ocr-system' content='tesseract 3.04.00' />
  <meta name='ocr-capabilities' content='ocr_page ocr_carea ocr_par ocr_line ocrx_word'/>
</head>
<body>
  <div class='ocr_page' id='page_1' title='image "./filiceseuropaee01mildgoog_0219.png"; bbox 0 0 3450 5367; ppageno 0'>
   <div class='ocr_carea' id='block_1_1' title="bbox 248 225 2851 516">
    <p class='ocr_par' dir='ltr' id='par_1_1' title="bbox 248 225 2851 516">
     <span class='ocr_line' id='line_1_1' title="bbox 1263 225 2840 343; baseline 0.001 -17"><span class='ocrx_word' id='word_1_1' title='bbox 1263 265 1653 343; x_wconf 74' lang='lat' dir='ltr'>Botrychlum.</span> <span class='ocrx_word' id='word_1_2' title='bbox 1910 225 1922 236; x_wconf 38' lang='lat'>⁸</span> <span class='ocrx_word' id='word_1_3' title='bbox 2249 226 2257 237; x_wconf 35' lang='grc' dir='ltr'><strong><em>ι</em></strong></span> <span class='ocrx_word' id='word_1_4' title='bbox 2716 260 2840 327; x_wconf 74' lang='lat'>20¹7</span> 
     </span>
     <span class='ocr_line' id='line_1_2' title="bbox 248 361 2851 516; baseline -0 -19"><span class='ocrx_word' id='word_1_5' title='bbox 248 434 383 516; x_wconf 82' lang='lat' dir='ltr'>logi</span> <span class='ocrx_word' id='word_1_6' title='bbox 412 361 805 498; x_wconf 45' lang='lat' dir='ltr'>Wallioiiiani</span> <span class='ocrx_word' id='word_1_7' title='bbox 848 452 1026 516; x_wconf 82' lang='lat' dir='ltr'>esse,</span> <span class='ocrx_word' id='word_1_8' title='bbox 1076 436 1141 497; x_wconf 91' lang='lat' dir='ltr'>in</span> <span class='ocrx_word' id='word_1_9' title='bbox 1188 435 1389 497; x_wconf 89' lang='lat' dir='ltr'>altera</span> <span class='ocrx_word' id='word_1_10' title='bbox 1415 436 1526 497; x_wconf 90' lang='lat' dir='ltr'>No.</span> <span class='ocrx_word' id='word_1_11' title='bbox 1567 438 1642 497; x_wconf 88' lang='grc'>49</span> <span class='ocrx_word' id='word_1_12' title='bbox 1674 433 2076 515; x_wconf 82' lang='lat' dir='ltr'>Botryohium</span> <span class='ocrx_word' id='word_1_13' title='bbox 2119 433 2581 502; x_wconf 66' lang='lat' dir='ltr'>subeat-nomm</span> <span class='ocrx_word' id='word_1_14' title='bbox 2623 436 2851 516; x_wconf 88' lang='lat' dir='ltr'>appel-</span> 
     </span>
    </p>
   </div>
   <div class='ocr_carea' id='block_1_2' title="bbox 174 525 2880 2061">
    <p class='ocr_par' dir='ltr' id='par_1_2' title="bbox 174 525 2880 1018">
     <span class='ocr_line' id='line_1_3' title="bbox 249 525 2880 624; baseline -0.001 -22"><span class='ocrx_word' id='word_1_15' title='bbox 249 540 395 602; x_wconf 83' lang='lat' dir='ltr'>lari.</span> <span class='ocrx_word' id='word_1_16' title='bbox 458 537 588 602; x_wconf 83' lang='lat' dir='ltr'>Sed</span> <span class='ocrx_word' id='word_1_17' title='bbox 618 539 740 606; x_wconf 85' lang='lat' dir='ltr'>sub</span> <span class='ocrx_word' id='word_1_18' title='bbox 773 538 1094 621; x_wconf 76' lang='lat' dir='ltr'>Botrychio</span> <span class='ocrx_word' id='word_1_19' title='bbox 1136 537 1522 601; x_wconf 89' lang='lat' dir='ltr'>subcarnoso</span> <span class='ocrx_word' id='word_1_20' title='bbox 1567 525 1986 621; x_wconf 76' lang='lat' dir='ltr'>synonymum</span> <span class='ocrx_word' id='word_1_21' title='bbox 2033 535 2325 598; x_wconf 84' lang='lat' dir='ltr'>affertur:</span> <span class='ocrx_word' id='word_1_22' title='bbox 2376 534 2700 604; x_wconf 80' lang='lat' dir='ltr'>Osmunda</span> <span class='ocrx_word' id='word_1_23' title='bbox 2746 538 2880 624; x_wconf 60' lang='lat' dir='ltr'>la·-⁵</span> 
     </span>
     <span class='ocr_line' id='line_1_4' title="bbox 174 638 2844 723; baseline -0.001 -20"><span class='ocrx_word' id='word_1_24' title='bbox 174 675 195 692; x_wconf 49' lang='grc' dir='ltr'><em>κ</em></span> <span class='ocrx_word' id='word_1_25' title='bbox 248 644 473 723; x_wconf 82' lang='lat' dir='ltr'>nigera</span> <span class='ocrx_word' id='word_1_26' title='bbox 506 641 691 705; x_wconf 82' lang='lat' dir='ltr'>Wall.</span> <span class='ocrx_word' id='word_1_27' title='bbox 758 643 921 708; x_wconf 84' lang='lat' dir='ltr'>Haec</span> <span class='ocrx_word' id='word_1_28' title='bbox 955 640 1282 705; x_wconf 90' lang='lat' dir='ltr'>Osmunda</span> <span class='ocrx_word' id='word_1_29' title='bbox 1313 641 1585 721; x_wconf 82' lang='lat' dir='ltr'>lanigera</span> <span class='ocrx_word' id='word_1_30' title='bbox 1620 651 1719 703; x_wconf 89' lang='lat' dir='ltr'>est</span> <span class='ocrx_word' id='word_1_31' title='bbox 1747 649 1960 702; x_wconf 89' lang='lat' dir='ltr'>autem</span> <span class='ocrx_word' id='word_1_32' title='bbox 1993 657 2140 701; x_wconf 88' lang='lat' dir='ltr'>vera</span> <span class='ocrx_word' id='word_1_33' title='bbox 2169 638 2498 702; x_wconf 88' lang='lat' dir='ltr'>Osmunda</span> <span class='ocrx_word' id='word_1_34' title='bbox 2530 646 2594 706; x_wconf 84' lang='lat' dir='ltr'>et</span> <span class='ocrx_word' id='word_1_35' title='bbox 2624 638 2844 701; x_wconf 87' lang='lat' dir='ltr'>eadem</span> 
     </span>
     <span class='ocr_line' id='line_1_5' title="bbox 247 739 2851 826; baseline -0.002 -20"><span class='ocrx_word' id='word_1_36' title='bbox 247 745 467 826; x_wconf 86' lang='lat' dir='ltr'>planta</span> <span class='ocrx_word' id='word_1_37' title='bbox 497 763 572 810; x_wconf 76' lang='lat' dir='ltr'>aa</span> <span class='ocrx_word' id='word_1_38' title='bbox 598 742 927 808; x_wconf 87' lang='lat' dir='ltr'>Osmunda</span> <span class='ocrx_word' id='word_1_39' title='bbox 960 746 1243 825; x_wconf 86' lang='lat' dir='ltr'>speciosa</span> <span class='ocrx_word' id='word_1_40' title='bbox 1276 743 1458 807; x_wconf 79' lang='lat' dir='ltr'>Wall.</span> <span class='ocrx_word' id='word_1_41' title='bbox 1499 742 1633 805; x_wconf 90' lang='lat' dir='ltr'>Cat.</span> <span class='ocrx_word' id='word_1_42' title='bbox 1671 744 1786 804; x_wconf 89' lang='lat' dir='ltr'>No.</span> <span class='ocrx_word' id='word_1_43' title='bbox 1826 744 1930 804; x_wconf 81' lang='lat'>50.</span> <span class='ocrx_word' id='word_1_44' title='bbox 1981 744 2215 808; x_wconf 87' lang='lat' dir='ltr'>Nomen</span> <span class='ocrx_word' id='word_1_45' title='bbox 2250 741 2649 824; x_wconf 80' lang='lat' dir='ltr'>Botrychium</span> <span class='ocrx_word' id='word_1_46' title='bbox 2682 739 2851 804; x_wconf 80' lang='lat' dir='ltr'>sub-</span> 
     </span>
     <span class='ocr_line' id='line_1_6' title="bbox 249 843 2851 931; baseline -0.002 -21"><span class='ocrx_word' id='word_1_47' title='bbox 249 866 591 910; x_wconf 83' lang='lat' dir='ltr'>carnosum</span> <span class='ocrx_word' id='word_1_48' title='bbox 622 847 853 929; x_wconf 80' lang='lat' dir='ltr'>igitur,</span> <span class='ocrx_word' id='word_1_49' title='bbox 892 866 1087 931; x_wconf 88' lang='lat' dir='ltr'>quum</span> <span class='ocrx_word' id='word_1_50' title='bbox 1120 849 1374 911; x_wconf 90' lang='lat' dir='ltr'>omnino</span> <span class='ocrx_word' id='word_1_51' title='bbox 1405 844 1487 908; x_wconf 86' lang='lat' dir='ltr'>ad</span> <span class='ocrx_word' id='word_1_52' title='bbox 1518 845 1919 929; x_wconf 83' lang='lat' dir='ltr'>Botrychium</span> <span class='ocrx_word' id='word_1_53' title='bbox 1949 845 2147 909; x_wconf 89' lang='lat' dir='ltr'>ullum</span> <span class='ocrx_word' id='word_1_54' title='bbox 2180 863 2307 907; x_wconf 90' lang='lat' dir='ltr'>non</span> <span class='ocrx_word' id='word_1_55' title='bbox 2337 845 2691 926; x_wconf 87' lang='lat' dir='ltr'>pertineat,</span> <span class='ocrx_word' id='word_1_56' title='bbox 2727 843 2851 907; x_wconf 90' lang='lat' dir='ltr'>de-</span> 
     </span>
     <span class='ocr_line' id='line_1_7' title="bbox 250 949 671 1018; baseline -0.002 -5"><span class='ocrx_word' id='word_1_57' title='bbox 250 949 518 1018; x_wconf 85' lang='lat' dir='ltr'>lendum</span> <span class='ocrx_word' id='word_1_58' title='bbox 550 958 671 1014; x_wconf 89' lang='lat' dir='ltr'>est.</span> 
     </span>
    </p>

    <p class='ocr_par' dir='ltr' id='par_1_3' title="bbox 241 1035 2849 2061">
     <span class='ocr_line' id='line_1_8' title="bbox 431 1035 2849 1134; baseline -0.003 -17"><span class='ocrx_word' id='word_1_59' title='bbox 431 1054 524 1117; x_wconf 91' lang='lat' dir='ltr'>Cl.</span> <span class='ocrx_word' id='word_1_60' title='bbox 562 1052 737 1116; x_wconf 79' lang='lat' dir='ltr'>Presl</span> <span class='ocrx_word' id='word_1_61' title='bbox 764 1051 928 1114; x_wconf 88' lang='lat' dir='ltr'>hanc</span> <span class='ocrx_word' id='word_1_62' title='bbox 959 1052 1233 1133; x_wconf 87' lang='lat' dir='ltr'>speciem</span> <span class='ocrx_word' id='word_1_63' title='bbox 1267 1053 1572 1134; x_wconf 73' lang='lat' dir='ltr'>egregiam</span> <span class='ocrx_word' id='word_1_64' title='bbox 1605 1053 1743 1120; x_wconf 81' lang='lat' dir='ltr'>sine</span> <span class='ocrx_word' id='word_1_65' title='bbox 1765 1052 1893 1113; x_wconf 89' lang='lat' dir='ltr'>ullo</span> <span class='ocrx_word' id='word_1_66' title='bbox 1925 1048 2118 1112; x_wconf 89' lang='lat' dir='ltr'>dubio</span> <span class='ocrx_word' id='word_1_67' title='bbox 2148 1035 2465 1112; x_wconf 60' lang='lat' dir='ltr'>non&#39;vidit</span> <span class='ocrx_word' id='word_1_68' title='bbox 2494 1058 2557 1112; x_wconf 82' lang='lat' dir='ltr'>et</span> <span class='ocrx_word' id='word_1_69' title='bbox 2588 1048 2849 1111; x_wconf 75' lang='lat' dir='ltr'>formam</span> 
     </span>
     <span class='ocr_line' id='line_1_9' title="bbox 251 1149 2849 1238; baseline -0.001 -21"><span class='ocrx_word' id='word_1_70' title='bbox 251 1156 566 1238; x_wconf 83' lang='lat' dir='ltr'>Botrychii</span> <span class='ocrx_word' id='word_1_71' title='bbox 596 1156 948 1238; x_wconf 78' lang='lat' dir='ltr'>lanuginosi</span> <span class='ocrx_word' id='word_1_72' title='bbox 979 1174 1094 1238; x_wconf 87' lang='lat' dir='ltr'>pro</span> <span class='ocrx_word' id='word_1_73' title='bbox 1124 1156 1242 1218; x_wconf 85' lang='lat' dir='ltr'>bac</span> <span class='ocrx_word' id='word_1_74' title='bbox 1271 1157 1480 1236; x_wconf 86' lang='lat' dir='ltr'>specie</span> <span class='ocrx_word' id='word_1_75' title='bbox 1511 1155 1819 1236; x_wconf 87' lang='lat' dir='ltr'>sumpsit;</span> <span class='ocrx_word' id='word_1_76' title='bbox 1871 1153 1938 1216; x_wconf 92' lang='lat' dir='ltr'>id</span> <span class='ocrx_word' id='word_1_77' title='bbox 1983 1150 2151 1235; x_wconf 91' lang='lat' dir='ltr'>quod</span> <span class='ocrx_word' id='word_1_78' title='bbox 2185 1149 2392 1215; x_wconf 88' lang='lat' dir='ltr'>elucet</span> <span class='ocrx_word' id='word_1_79' title='bbox 2421 1171 2545 1214; x_wconf 84' lang='lat' dir='ltr'>non</span> <span class='ocrx_word' id='word_1_80' title='bbox 2579 1154 2778 1221; x_wconf 85' lang='lat' dir='ltr'>solum</span> <span class='ocrx_word' id='word_1_81' title='bbox 2814 1174 2849 1215; x_wconf 92' lang='lat' dir='ltr'>e</span> 
     </span>
     <span class='ocr_line' id='line_1_10' title="bbox 245 1256 2843 1340; baseline -0.003 -16"><span class='ocrx_word' id='word_1_82' title='bbox 245 1258 705 1340; x_wconf 76' lang='lat' dir='ltr'><strong>speciminibus</strong></span> <span class='ocrx_word' id='word_1_83' title='bbox 734 1258 1146 1340; x_wconf 80' lang='lat' dir='ltr'>originalibus</span> <span class='ocrx_word' id='word_1_84' title='bbox 1186 1259 1252 1319; x_wconf 89' lang='lat' dir='ltr'>in</span> <span class='ocrx_word' id='word_1_85' title='bbox 1297 1257 1586 1320; x_wconf 84' lang='lat' dir='ltr'>berhario</span> <span class='ocrx_word' id='word_1_86' title='bbox 1618 1258 1797 1321; x_wconf 89' lang='lat' dir='ltr'>Caes.</span> <span class='ocrx_word' id='word_1_87' title='bbox 1841 1256 2190 1320; x_wconf 88' lang='lat' dir='ltr'>Vindobon.</span> <span class='ocrx_word' id='word_1_88' title='bbox 2236 1258 2612 1335; x_wconf 82' lang='lat' dir='ltr'>asservatis,</span> <span class='ocrx_word' id='word_1_89' title='bbox 2666 1276 2722 1318; x_wconf 91' lang='lat' dir='ltr'>a.</span> <span class='ocrx_word' id='word_1_90' title='bbox 2762 1256 2843 1317; x_wconf 85' lang='lat' dir='ltr'>ol.</span> 
     </span>
     <span class='ocr_line' id='line_1_11' title="bbox 249 1358 2841 1444; baseline -0.002 -21"><span class='ocrx_word' id='word_1_91' title='bbox 249 1362 425 1426; x_wconf 75' lang='lat' dir='ltr'>Presl</span> <span class='ocrx_word' id='word_1_92' title='bbox 455 1363 589 1444; x_wconf 84' lang='lat' dir='ltr'>ipso</span> <span class='ocrx_word' id='word_1_93' title='bbox 620 1361 1076 1443; x_wconf 87' lang='lat' dir='ltr'>denominatis,</span> <span class='ocrx_word' id='word_1_94' title='bbox 1128 1359 1240 1424; x_wconf 90' lang='lat' dir='ltr'>sed</span> <span class='ocrx_word' id='word_1_95' title='bbox 1288 1362 1479 1424; x_wconf 87' lang='lat' dir='ltr'>ctiam</span> <span class='ocrx_word' id='word_1_96' title='bbox 1513 1380 1590 1423; x_wconf 83' lang='lat' dir='ltr'>ex</span> <span class='ocrx_word' id='word_1_97' title='bbox 1620 1358 2043 1442; x_wconf 77' lang='lat' dir='ltr'>descriptione</span> <span class='ocrx_word' id='word_1_98' title='bbox 2074 1361 2136 1421; x_wconf 88' lang='lat' dir='ltr'>in</span> <span class='ocrx_word' id='word_1_99' title='bbox 2171 1360 2631 1440; x_wconf 87' lang='lat' dir='ltr'>Supplemento</span> <span class='ocrx_word' id='word_1_100' title='bbox 2661 1359 2841 1424; x_wconf 78' lang='lat' dir='ltr'>Tent.</span> 
     </span>
     <span class='ocr_line' id='line_1_12' title="bbox 248 1461 2843 1548; baseline -0.002 -23"><span class='ocrx_word' id='word_1_101' title='bbox 248 1465 598 1547; x_wconf 76' lang='lat' dir='ltr'>Pteridogr.</span> <span class='ocrx_word' id='word_1_102' title='bbox 634 1484 702 1547; x_wconf 85' lang='lat' dir='ltr'>p.</span> <span class='ocrx_word' id='word_1_103' title='bbox 743 1467 821 1529; x_wconf 90' lang='grc'>46</span> <span class='ocrx_word' id='word_1_104' title='bbox 862 1462 1030 1548; x_wconf 90' lang='grc'>(306)</span> <span class='ocrx_word' id='word_1_105' title='bbox 1077 1461 1125 1547; x_wconf 87' lang='grc'>(4</span> <span class='ocrx_word' id='word_1_106' title='bbox 1143 1461 1319 1548; x_wconf 89' lang='grc'>847),</span> <span class='ocrx_word' id='word_1_107' title='bbox 1355 1462 1466 1526; x_wconf 86' lang='lat' dir='ltr'>ubi</span> <span class='ocrx_word' id='word_1_108' title='bbox 1497 1464 1786 1546; x_wconf 82' lang='lat' dir='ltr'>Botrych.</span> <span class='ocrx_word' id='word_1_109' title='bbox 1822 1463 2263 1543; x_wconf 81' lang='lat' dir='ltr'>lanuginosum</span> <span class='ocrx_word' id='word_1_110' title='bbox 2297 1480 2431 1524; x_wconf 88' lang='lat' dir='ltr'>var.</span> <span class='ocrx_word' id='word_1_111' title='bbox 2470 1461 2593 1525; x_wconf 89' lang='lat' dir='ltr'>sub</span> <span class='ocrx_word' id='word_1_112' title='bbox 2622 1463 2733 1524; x_wconf 91' lang='lat' dir='ltr'>No.</span> <span class='ocrx_word' id='word_1_113' title='bbox 2769 1462 2843 1522; x_wconf 90' lang='grc'>43</span> 
     </span>
     <span class='ocr_line' id='line_1_13' title="bbox 246 1564 2844 1648; baseline -0.002 -19"><span class='ocrx_word' id='word_1_114' title='bbox 246 1568 507 1631; x_wconf 84' lang='lat' dir='ltr'>nominc</span> <span class='ocrx_word' id='word_1_115' title='bbox 532 1570 701 1632; x_wconf 85' lang='lat' dir='ltr'>Botr.</span> <span class='ocrx_word' id='word_1_116' title='bbox 738 1566 1036 1638; x_wconf 80' lang='lat' dir='ltr'>daucifol.</span> <span class='ocrx_word' id='word_1_117' title='bbox 1087 1565 1493 1629; x_wconf 78' lang='lat' dir='ltr'>describitur.</span> <span class='ocrx_word' id='word_1_118' title='bbox 1562 1564 1684 1628; x_wconf 85' lang='lat' dir='ltr'>Sed</span> <span class='ocrx_word' id='word_1_119' title='bbox 1714 1567 1868 1629; x_wconf 87' lang='lat' dir='ltr'>haec</span> <span class='ocrx_word' id='word_1_120' title='bbox 1898 1585 1980 1629; x_wconf 90' lang='lat' dir='ltr'>ne</span> <span class='ocrx_word' id='word_1_121' title='bbox 2011 1566 2356 1648; x_wconf 80' lang='lat' dir='ltr'>descriptio</span> <span class='ocrx_word' id='word_1_122' title='bbox 2389 1564 2642 1647; x_wconf 89' lang='lat' dir='ltr'>quidem</span> <span class='ocrx_word' id='word_1_123' title='bbox 2679 1573 2844 1625; x_wconf 88' lang='lat' dir='ltr'>reeta</span> 
     </span>
     <span class='ocr_line' id='line_1_14' title="bbox 247 1657 2848 1751; baseline -0.005 -13"><span class='ocrx_word' id='word_1_124' title='bbox 247 1679 372 1751; x_wconf 75' lang='lat' dir='ltr'>est,</span> <span class='ocrx_word' id='word_1_125' title='bbox 409 1670 560 1735; x_wconf 88' lang='lat' dir='ltr'>dum</span> <span class='ocrx_word' id='word_1_126' title='bbox 597 1671 766 1735; x_wconf 78' lang='lat' dir='ltr'>Presl</span> <span class='ocrx_word' id='word_1_127' title='bbox 793 1671 946 1735; x_wconf 87' lang='lat' dir='ltr'>dicit</span> <span class='ocrx_word' id='word_1_128' title='bbox 964 1657 995 1751; x_wconf 63' lang='grc'>,’</span> <span class='ocrx_word' id='word_1_129' title='bbox 1029 1670 1288 1751; x_wconf 88' lang='lat' dir='ltr'>pinnam</span> <span class='ocrx_word' id='word_1_130' title='bbox 1322 1669 1712 1731; x_wconf 77' lang='lat' dir='ltr'>terminalem</span> <span class='ocrx_word' id='word_1_131' title='bbox 1747 1670 1812 1731; x_wconf 89' lang='lat' dir='ltr'>in</span> <span class='ocrx_word' id='word_1_132' title='bbox 1853 1670 2212 1750; x_wconf 88' lang='lat' dir='ltr'>paniculatn</span> <span class='ocrx_word' id='word_1_133' title='bbox 2247 1670 2516 1734; x_wconf 82' lang='lat' dir='ltr'>fertilem</span> <span class='ocrx_word' id='word_1_134' title='bbox 2550 1684 2848 1748; x_wconf 78' lang='lat' dir='ltr'>magnam</span> 
     </span>
     <span class='ocr_line' id='line_1_15' title="bbox 245 1771 2846 1854; baseline -0.001 -19"><span class='ocrx_word' id='word_1_135' title='bbox 245 1782 734 1837; x_wconf 82' lang='lat' dir='ltr'>transmutatam</span> <span class='ocrx_word' id='word_1_136' title='bbox 768 1793 945 1853; x_wconf 84' lang='lat' dir='ltr'>esse3</span> <span class='ocrx_word' id='word_1_137' title='bbox 983 1792 1126 1835; x_wconf 91' lang='lat' dir='ltr'>nam</span> <span class='ocrx_word' id='word_1_138' title='bbox 1164 1791 1381 1835; x_wconf 90' lang='lat' dir='ltr'>revera</span> <span class='ocrx_word' id='word_1_139' title='bbox 1415 1791 1572 1854; x_wconf 84' lang='lat' dir='ltr'>apex</span> <span class='ocrx_word' id='word_1_140' title='bbox 1605 1771 1878 1833; x_wconf 89' lang='lat' dir='ltr'>laminae</span> <span class='ocrx_word' id='word_1_141' title='bbox 1909 1774 2210 1835; x_wconf 83' lang='lat' dir='ltr'>normalis</span> <span class='ocrx_word' id='word_1_142' title='bbox 2241 1772 2479 1835; x_wconf 83' lang='lat' dir='ltr'>sterills</span> <span class='ocrx_word' id='word_1_143' title='bbox 2509 1779 2607 1833; x_wconf 89' lang='lat' dir='ltr'>est</span> <span class='ocrx_word' id='word_1_144' title='bbox 2635 1777 2700 1832; x_wconf 87' lang='lat' dir='ltr'>et</span> <span class='ocrx_word' id='word_1_145' title='bbox 2731 1788 2846 1832; x_wconf 82' lang='lat' dir='ltr'>so-</span> 
     </span>
     <span class='ocr_line' id='line_1_16' title="bbox 242 1872 2844 1958; baseline -0.001 -21"><span class='ocrx_word' id='word_1_146' title='bbox 242 1876 382 1938; x_wconf 89' lang='lat' dir='ltr'>lum</span> <span class='ocrx_word' id='word_1_147' title='bbox 412 1876 680 1958; x_wconf 79' lang='lat' dir='ltr'>paulum</span> <span class='ocrx_word' id='word_1_148' title='bbox 727 1895 1023 1955; x_wconf 86' lang='lat' dir='ltr'>aversus,</span> <span class='ocrx_word' id='word_1_149' title='bbox 1080 1876 1234 1939; x_wconf 86' lang='lat' dir='ltr'>dum</span> <span class='ocrx_word' id='word_1_150' title='bbox 1268 1876 1557 1957; x_wconf 83' lang='lat' dir='ltr'>panicula</span> <span class='ocrx_word' id='word_1_151' title='bbox 1592 1876 1730 1955; x_wconf 90' lang='lat' dir='ltr'>ipsa</span> <span class='ocrx_word' id='word_1_152' title='bbox 1772 1883 1981 1937; x_wconf 86' lang='lat' dir='ltr'>erecta</span> <span class='ocrx_word' id='word_1_153' title='bbox 2025 1884 2145 1948; x_wconf 78' lang='lat' dir='ltr'>est.</span> <span class='ocrx_word' id='word_1_154' title='bbox 2213 1879 2377 1938; x_wconf 85' lang='lat' dir='ltr'>Botr.</span> <span class='ocrx_word' id='word_1_155' title='bbox 2433 1872 2844 1937; x_wconf 77' lang='lat' dir='ltr'>daucifolium</span> 
     </span>
     <span class='ocr_line' id='line_1_17' title="bbox 241 1978 2153 2061; baseline 0.001 -21"><span class='ocrx_word' id='word_1_156' title='bbox 241 1978 446 2042; x_wconf 74' lang='lat' dir='ltr'>Presl.</span> <span class='ocrx_word' id='word_1_157' title='bbox 482 1999 702 2048; x_wconf 83' lang='lat' dir='ltr'>revera</span> <span class='ocrx_word' id='word_1_158' title='bbox 731 1981 818 2043; x_wconf 90' lang='lat' dir='ltr'>nil</span> <span class='ocrx_word' id='word_1_159' title='bbox 852 1982 974 2043; x_wconf 88' lang='lat' dir='ltr'>nisi</span> <span class='ocrx_word' id='word_1_160' title='bbox 1007 1980 1314 2061; x_wconf 80' lang='lat' dir='ltr'>Botrychii</span> <span class='ocrx_word' id='word_1_161' title='bbox 1347 1978 1699 2060; x_wconf 78' lang='lat' dir='ltr'>lanuginosi</span> <span class='ocrx_word' id='word_1_162' title='bbox 1733 1980 2007 2043; x_wconf 84' lang='lat' dir='ltr'>varietas</span> <span class='ocrx_word' id='word_1_163' title='bbox 2036 1986 2153 2043; x_wconf 89' lang='lat' dir='ltr'>est.</span> 
     </span>
    </p>
   </div>
   <div class='ocr_carea' id='block_1_3' title="bbox 1094 2167 2010 2251">
    <p class='ocr_par' dir='ltr' id='par_1_4' title="bbox 1094 2167 2010 2251">
     <span class='ocr_line' id='line_1_18' title="bbox 1094 2167 2010 2251; baseline 0.002 -19"><span class='ocrx_word' id='word_1_164' title='bbox 1094 2167 1152 2251; x_wconf 83' lang='lat'>§.</span> <span class='ocrx_word' id='word_1_165' title='bbox 1185 2169 1274 2233; x_wconf 90' lang='lat'>11.</span> <span class='ocrx_word' id='word_1_166' title='bbox 1339 2168 2010 2236; x_wconf 67' lang='lat' dir='ltr'>Flexuouieeuularu.</span> 
     </span>
    </p>
   </div>
   <div class='ocr_carea' id='block_1_4' title="bbox 232 2288 2856 4847">
    <p class='ocr_par' dir='ltr' id='par_1_5' title="bbox 243 2288 2850 2578">
     <span class='ocr_line' id='line_1_19' title="bbox 421 2288 2845 2371; baseline 0 -21"><span class='ocrx_word' id='word_1_167' title='bbox 421 2290 638 2353; x_wconf 82' lang='lat' dir='ltr'>Planta</span> <span class='ocrx_word' id='word_1_168' title='bbox 670 2307 932 2371; x_wconf 86' lang='lat' dir='ltr'>procera</span> <span class='ocrx_word' id='word_1_169' title='bbox 964 2288 1143 2369; x_wconf 79' lang='lat' dir='ltr'>longe</span> <span class='ocrx_word' id='word_1_170' title='bbox 1172 2289 1496 2371; x_wconf 86' lang='lat' dir='ltr'>petiolata.</span> <span class='ocrx_word' id='word_1_171' title='bbox 1562 2289 1821 2351; x_wconf 86' lang='lat' dir='ltr'>Lamina</span> <span class='ocrx_word' id='word_1_172' title='bbox 1851 2290 2086 2353; x_wconf 86' lang='lat' dir='ltr'>sterilis</span> <span class='ocrx_word' id='word_1_173' title='bbox 2117 2288 2248 2351; x_wconf 74' lang='lat' dir='ltr'>fere</span> <span class='ocrx_word' id='word_1_174' title='bbox 2281 2289 2345 2350; x_wconf 90' lang='lat' dir='ltr'>in</span> <span class='ocrx_word' id='word_1_175' title='bbox 2390 2289 2596 2351; x_wconf 86' lang='lat' dir='ltr'>media</span> <span class='ocrx_word' id='word_1_176' title='bbox 2629 2289 2845 2371; x_wconf 85' lang='lat' dir='ltr'>planta</span> 
     </span>
     <span class='ocr_line' id='line_1_20' title="bbox 244 2379 2850 2474; baseline 0 -19"><span class='ocrx_word' id='word_1_177' title='bbox 244 2394 478 2474; x_wconf 85' lang='lat' dir='ltr'>posita.</span> <span class='ocrx_word' id='word_1_178' title='bbox 544 2394 873 2474; x_wconf 82' lang='lat' dir='ltr'>Segmcnta</span> <span class='ocrx_word' id='word_1_179' title='bbox 909 2393 981 2454; x_wconf 85' lang='lat'>11.</span> <span class='ocrx_word' id='word_1_180' title='bbox 1021 2393 1097 2454; x_wconf 92' lang='grc' dir='ltr'><strong>Ο.</strong></span> <span class='ocrx_word' id='word_1_181' title='bbox 1128 2390 1490 2454; x_wconf 87' lang='lat' dir='ltr'>anadroma.</span> <span class='ocrx_word' id='word_1_182' title='bbox 1560 2392 1842 2455; x_wconf 88' lang='lat' dir='ltr'>Cellulae</span> <span class='ocrx_word' id='word_1_183' title='bbox 1872 2390 2283 2473; x_wconf 88' lang='lat' dir='ltr'>cpidermidis</span> <span class='ocrx_word' id='word_1_184' title='bbox 2315 2392 2656 2455; x_wconf 87' lang='lat' dir='ltr'>flexuosae.</span> <span class='ocrx_word' id='word_1_185' title='bbox 2721 2379 2850 2455; x_wconf 83' lang='lat' dir='ltr'>Ba·-</span> 
     </span>
     <span class='ocr_line' id='line_1_21' title="bbox 243 2493 2408 2578; baseline -0.001 -19"><span class='ocrx_word' id='word_1_186' title='bbox 243 2497 341 2559; x_wconf 90' lang='lat' dir='ltr'>sis</span> <span class='ocrx_word' id='word_1_187' title='bbox 372 2495 498 2558; x_wconf 81' lang='lat' dir='ltr'>folii</span> <span class='ocrx_word' id='word_1_188' title='bbox 531 2495 743 2558; x_wconf 85' lang='lat' dir='ltr'>infima</span> <span class='ocrx_word' id='word_1_189' title='bbox 775 2513 1052 2578; x_wconf 81' lang='lat' dir='ltr'>gemmas</span> <span class='ocrx_word' id='word_1_190' title='bbox 1082 2493 1415 2558; x_wconf 85' lang='lat' dir='ltr'>includens</span> <span class='ocrx_word' id='word_1_191' title='bbox 1450 2496 1603 2557; x_wconf 88' lang='lat' dir='ltr'>rima</span> <span class='ocrx_word' id='word_1_192' title='bbox 1637 2495 1819 2577; x_wconf 84' lang='lat' dir='ltr'>longa</span> <span class='ocrx_word' id='word_1_193' title='bbox 1856 2496 2134 2558; x_wconf 85' lang='lat' dir='ltr'>verticali</span> <span class='ocrx_word' id='word_1_194' title='bbox 2168 2504 2408 2576; x_wconf 86' lang='lat' dir='ltr'>aperta.</span> 
     </span>
    </p>

    <p class='ocr_par' dir='ltr' id='par_1_6' title="bbox 423 2597 2674 2682">
     <span class='ocr_line' id='line_1_22' title="bbox 423 2597 2674 2682; baseline -0.001 -21"><span class='ocrx_word' id='word_1_195' title='bbox 423 2598 527 2661; x_wconf 88' lang='lat'>10.</span> <span class='ocrx_word' id='word_1_196' title='bbox 590 2601 664 2662; x_wconf 79' lang='lat' dir='ltr'>B.</span> <span class='ocrx_word' id='word_1_197' title='bbox 699 2597 1131 2680; x_wconf 77' lang='lat' dir='ltr'>virginianum</span> <span class='ocrx_word' id='word_1_198' title='bbox 1163 2597 1292 2661; x_wconf 87' lang='lat' dir='ltr'>Sw.</span> <span class='ocrx_word' id='word_1_199' title='bbox 1331 2599 1403 2659; x_wconf 90' lang='lat' dir='ltr'>in</span> <span class='ocrx_word' id='word_1_200' title='bbox 1449 2597 1775 2661; x_wconf 83' lang='lat' dir='ltr'>Schrad.</span> <span class='ocrx_word' id='word_1_201' title='bbox 1824 2600 2092 2660; x_wconf 86' lang='lat' dir='ltr'>Journ.</span> <span class='ocrx_word' id='word_1_202' title='bbox 2151 2597 2363 2682; x_wconf 88' lang='grc'>(4800)</span> <span class='ocrx_word' id='word_1_203' title='bbox 2402 2617 2468 2679; x_wconf 90' lang='lat' dir='ltr'>p.</span> <span class='ocrx_word' id='word_1_204' title='bbox 2510 2600 2611 2660; x_wconf 93' lang='grc'>44.</span> <span class='ocrx_word' id='word_1_205' title='bbox 2665 2609 2674 2614; x_wconf 91' lang='grc'>·</span> 
     </span>
    </p>

    <p class='ocr_par' dir='ltr' id='par_1_7' title="bbox 241 2693 2852 3299">
     <span class='ocr_line' id='line_1_23' title="bbox 418 2693 2852 2794; baseline -0 -32"><span class='ocrx_word' id='word_1_206' title='bbox 418 2703 574 2779; x_wconf 67' lang='lat' dir='ltr'>Syn.</span> <span class='ocrx_word' id='word_1_207' title='bbox 614 2704 708 2767; x_wconf 74' lang='lat' dir='ltr'>B.</span> <span class='ocrx_word' id='word_1_208' title='bbox 756 2701 1130 2794; x_wconf 65' lang='lat' dir='ltr'>virginieum</span> <span class='ocrx_word' id='word_1_209' title='bbox 1169 2693 1370 2763; x_wconf 77' lang='lat' dir='ltr'>wind.</span> <span class='ocrx_word' id='word_1_210' title='bbox 1423 2701 1534 2781; x_wconf 90' lang='lat' dir='ltr'>Sp.</span> <span class='ocrx_word' id='word_1_211' title='bbox 1585 2700 1672 2782; x_wconf 92' lang='lat' dir='ltr'>pl.</span> <span class='ocrx_word' id='word_1_212' title='bbox 1724 2702 1797 2764; x_wconf 86' lang='lat' dir='ltr'>V.</span> <span class='ocrx_word' id='word_1_213' title='bbox 1837 2702 1939 2762; x_wconf 84' lang='grc'>64.</span> <span class='ocrx_word' id='word_1_214' title='bbox 1986 2721 2058 2749; x_wconf 91' lang='grc'>-·-</span> <span class='ocrx_word' id='word_1_215' title='bbox 2106 2704 2171 2763; x_wconf 90' lang='grc' dir='ltr'>Β.</span> <span class='ocrx_word' id='word_1_216' title='bbox 2210 2697 2647 2762; x_wconf 89' lang='lat' dir='ltr'>anthemoides</span> <span class='ocrx_word' id='word_1_217' title='bbox 2676 2699 2852 2766; x_wconf 79' lang='lat' dir='ltr'>Presl</span> 
     </span>
     <span class='ocr_line' id='line_1_24' title="bbox 241 2802 2843 2884; baseline 0 -18"><span class='ocrx_word' id='word_1_218' title='bbox 241 2807 315 2868; x_wconf 89' lang='lat' dir='ltr'>in</span> <span class='ocrx_word' id='word_1_219' title='bbox 345 2802 511 2868; x_wconf 83' lang='lat' dir='ltr'>Abh.</span> <span class='ocrx_word' id='word_1_220' title='bbox 549 2804 766 2867; x_wconf 75' lang='lat' dir='ltr'>Bohm.</span> <span class='ocrx_word' id='word_1_221' title='bbox 806 2805 952 2867; x_wconf 88' lang='lat' dir='ltr'>Ges.</span> <span class='ocrx_word' id='word_1_222' title='bbox 988 2804 1061 2868; x_wconf 88' lang='lat' dir='ltr'>V.</span> <span class='ocrx_word' id='word_1_223' title='bbox 1118 2805 1332 2883; x_wconf 87' lang='grc'>(4848)</span> <span class='ocrx_word' id='word_1_224' title='bbox 1383 2823 1448 2884; x_wconf 88' lang='lat' dir='ltr'>p.</span> <span class='ocrx_word' id='word_1_225' title='bbox 1500 2805 1647 2868; x_wconf 76' lang='lat'>323.</span> <span class='ocrx_word' id='word_1_226' title='bbox 1683 2836 1769 2852; x_wconf 91' lang='lat'>-·</span> <span class='ocrx_word' id='word_1_227' title='bbox 1817 2805 1882 2865; x_wconf 88' lang='lat' dir='ltr'>B.</span> <span class='ocrx_word' id='word_1_228' title='bbox 1930 2805 2396 2867; x_wconf 83' lang='lat' dir='ltr'>charcowiense</span> <span class='ocrx_word' id='word_1_229' title='bbox 2440 2803 2843 2883; x_wconf 74' lang='lat' dir='ltr'>Portenschlg.</span> 
     </span>
     <span class='ocr_line' id='line_1_25' title="bbox 244 2905 2840 2988; baseline -0.001 -18"><span class='ocrx_word' id='word_1_230' title='bbox 244 2906 437 2972; x_wconf 84' lang='lat' dir='ltr'>flerb.</span> <span class='ocrx_word' id='word_1_231' title='bbox 487 2925 657 2969; x_wconf 86' lang='lat' dir='ltr'>caes.</span> <span class='ocrx_word' id='word_1_232' title='bbox 704 2905 976 2971; x_wconf 85' lang='lat' dir='ltr'>Vindob.</span> <span class='ocrx_word' id='word_1_233' title='bbox 1011 2905 1056 2968; x_wconf 82' lang='lat' dir='ltr'>f.</span> <span class='ocrx_word' id='word_1_234' title='bbox 1093 2925 1146 2969; x_wconf 89' lang='grc' dir='ltr'><strong>ε.</strong></span> <span class='ocrx_word' id='word_1_235' title='bbox 1185 2925 1241 2968; x_wconf 91' lang='lat' dir='ltr'>o.</span> <span class='ocrx_word' id='word_1_236' title='bbox 1278 2939 1362 2954; x_wconf 91' lang='lat'>-—</span> <span class='ocrx_word' id='word_1_237' title='bbox 1403 2908 1470 2967; x_wconf 88' lang='lat' dir='ltr'>B.</span> <span class='ocrx_word' id='word_1_238' title='bbox 1520 2907 1752 2987; x_wconf 81' lang='lat' dir='ltr'>gracile</span> <span class='ocrx_word' id='word_1_239' title='bbox 1793 2906 1993 2972; x_wconf 76' lang='lat' dir='ltr'>Pursh</span> <span class='ocrx_word' id='word_1_240' title='bbox 2038 2909 2127 2969; x_wconf 82' lang='lat' dir='ltr'>Fl.</span> <span class='ocrx_word' id='word_1_241' title='bbox 2160 2905 2303 2970; x_wconf 82' lang='lat' dir='ltr'>Am.</span> <span class='ocrx_word' id='word_1_242' title='bbox 2348 2908 2524 2988; x_wconf 85' lang='lat' dir='ltr'>Sept.</span> <span class='ocrx_word' id='word_1_243' title='bbox 2576 2908 2724 2968; x_wconf 76' lang='lat'>656.</span> <span class='ocrx_word' id='word_1_244' title='bbox 2768 2937 2840 2953; x_wconf 91' lang='lat'>-</span> 
     </span>
     <span class='ocr_line' id='line_1_26' title="bbox 242 3007 2843 3101; baseline -0.001 -28"><span class='ocrx_word' id='word_1_245' title='bbox 242 3014 314 3077; x_wconf 87' lang='lat' dir='ltr'>B.</span> <span class='ocrx_word' id='word_1_246' title='bbox 365 3009 735 3073; x_wconf 82' lang='lat' dir='ltr'>cicutarium</span> <span class='ocrx_word' id='word_1_247' title='bbox 782 3009 910 3073; x_wconf 87' lang='lat' dir='ltr'>Sw.</span> <span class='ocrx_word' id='word_1_248' title='bbox 965 3010 1123 3101; x_wconf 78' lang='lat' dir='ltr'>Syn.</span> <span class='ocrx_word' id='word_1_249' title='bbox 1170 3007 1257 3071; x_wconf 83' lang='lat' dir='ltr'>fil.</span> <span class='ocrx_word' id='word_1_250' title='bbox 1297 3009 1444 3071; x_wconf 82' lang='grc'>474.</span> <span class='ocrx_word' id='word_1_251' title='bbox 1483 3043 1565 3058; x_wconf 89' lang='lat'>--</span> <span class='ocrx_word' id='word_1_252' title='bbox 1611 3012 1677 3074; x_wconf 91' lang='lat' dir='ltr'>B.</span> <span class='ocrx_word' id='word_1_253' title='bbox 1729 3010 2221 3093; x_wconf 82' lang='lat' dir='ltr'>brachystachys</span> <span class='ocrx_word' id='word_1_254' title='bbox 2265 3012 2410 3074; x_wconf 76' lang='lat' dir='ltr'>ch.</span> <span class='ocrx_word' id='word_1_255' title='bbox 2456 3011 2523 3072; x_wconf 90' lang='lat' dir='ltr'>in</span> <span class='ocrx_word' id='word_1_256' title='bbox 2568 3009 2843 3074; x_wconf 85' lang='lat' dir='ltr'>Linnaea</span> 
     </span>
     <span class='ocr_line' id='line_1_27' title="bbox 242 3110 2847 3197; baseline -0.001 -20"><span class='ocrx_word' id='word_1_257' title='bbox 242 3114 455 3179; x_wconf 83' lang='lat' dir='ltr'>XVIII.</span> <span class='ocrx_word' id='word_1_258' title='bbox 502 3111 547 3196; x_wconf 93' lang='grc'>(4</span> <span class='ocrx_word' id='word_1_259' title='bbox 565 3111 707 3197; x_wconf 77' lang='grc'>844)</span> <span class='ocrx_word' id='word_1_260' title='bbox 757 3131 826 3193; x_wconf 88' lang='lat' dir='ltr'>p.</span> <span class='ocrx_word' id='word_1_261' title='bbox 865 3113 1011 3175; x_wconf 80' lang='lat'>305.</span> <span class='ocrx_word' id='word_1_262' title='bbox 1049 3110 1091 3174; x_wconf 77' lang='lat' dir='ltr'>f.</span> <span class='ocrx_word' id='word_1_263' title='bbox 1130 3131 1185 3174; x_wconf 88' lang='lat' dir='ltr'>s.</span> <span class='ocrx_word' id='word_1_264' title='bbox 1220 3132 1278 3174; x_wconf 94' lang='lat' dir='ltr'>o.</span> <span class='ocrx_word' id='word_1_265' title='bbox 1317 3147 1401 3160; x_wconf 91' lang='lat'>--</span> <span class='ocrx_word' id='word_1_266' title='bbox 1447 3112 1777 3175; x_wconf 86' lang='lat' dir='ltr'>Osmunda</span> <span class='ocrx_word' id='word_1_267' title='bbox 1818 3114 2122 3194; x_wconf 73' lang='lat' dir='ltr'>virginica</span> <span class='ocrx_word' id='word_1_268' title='bbox 2155 3114 2225 3177; x_wconf 88' lang='lat' dir='ltr'>L.</span> <span class='ocrx_word' id='word_1_269' title='bbox 2263 3114 2372 3196; x_wconf 86' lang='lat' dir='ltr'>Sp.</span> <span class='ocrx_word' id='word_1_270' title='bbox 2411 3114 2496 3195; x_wconf 89' lang='lat' dir='ltr'>pl.</span> <span class='ocrx_word' id='word_1_271' title='bbox 2539 3111 2725 3176; x_wconf 80' lang='grc'><strong>4579.</strong></span> <span class='ocrx_word' id='word_1_272' title='bbox 2762 3146 2847 3159; x_wconf 90' lang='lat'>--</span> 
     </span>
     <span class='ocr_line' id='line_1_28' title="bbox 243 3215 2754 3299; baseline -0.002 -20"><span class='ocrx_word' id='word_1_273' title='bbox 243 3217 321 3279; x_wconf 93' lang='grc' dir='ltr'><strong>Ο.</strong></span> <span class='ocrx_word' id='word_1_274' title='bbox 360 3216 710 3298; x_wconf 74' lang='lat' dir='ltr'>virginiana</span> <span class='ocrx_word' id='word_1_275' title='bbox 743 3215 994 3298; x_wconf 76' lang='lat' dir='ltr'>Saviyn.</span> <span class='ocrx_word' id='word_1_276' title='bbox 1031 3216 1205 3277; x_wconf 88' lang='lat' dir='ltr'>Lam.</span> <span class='ocrx_word' id='word_1_277' title='bbox 1244 3215 1396 3278; x_wconf 91' lang='lat' dir='ltr'>Enc.</span> <span class='ocrx_word' id='word_1_278' title='bbox 1435 3217 1531 3281; x_wconf 85' lang='lat' dir='ltr'>IV.</span> <span class='ocrx_word' id='word_1_279' title='bbox 1571 3217 1715 3279; x_wconf 81' lang='grc'><strong>649.</strong></span> <span class='ocrx_word' id='word_1_280' title='bbox 1758 3252 1835 3264; x_wconf 89' lang='lat'>--</span> <span class='ocrx_word' id='word_1_281' title='bbox 1877 3217 1956 3279; x_wconf 87' lang='grc' dir='ltr'><strong>Ο.</strong></span> <span class='ocrx_word' id='word_1_282' title='bbox 1994 3218 2296 3282; x_wconf 84' lang='lat' dir='ltr'>cicutaria</span> <span class='ocrx_word' id='word_1_283' title='bbox 2328 3217 2581 3299; x_wconf 76' lang='lat' dir='ltr'>Saviya.</span> <span class='ocrx_word' id='word_1_284' title='bbox 2618 3216 2666 3276; x_wconf 88' lang='grc'>4.·</span> <span class='ocrx_word' id='word_1_285' title='bbox 2698 3234 2754 3278; x_wconf 85' lang='lat' dir='ltr'>c.</span> 
     </span>
    </p>

    <p class='ocr_par' dir='ltr' id='par_1_8' title="bbox 235 3312 2847 3918">
     <span class='ocr_line' id='line_1_29' title="bbox 422 3312 2847 3400; baseline -0 -21"><span class='ocrx_word' id='word_1_286' title='bbox 422 3319 571 3379; x_wconf 88' lang='lat' dir='ltr'>Tota</span> <span class='ocrx_word' id='word_1_287' title='bbox 602 3318 816 3399; x_wconf 87' lang='lat' dir='ltr'>planta</span> <span class='ocrx_word' id='word_1_288' title='bbox 850 3312 1103 3381; x_wconf 74' lang='lat'><em>5—24&#39;&#39;</em></span> <span class='ocrx_word' id='word_1_289' title='bbox 1136 3318 1281 3380; x_wconf 90' lang='lat' dir='ltr'>alta.</span> <span class='ocrx_word' id='word_1_290' title='bbox 1350 3319 1607 3382; x_wconf 82' lang='lat' dir='ltr'>Lamina</span> <span class='ocrx_word' id='word_1_291' title='bbox 1636 3319 1857 3382; x_wconf 60' lang='lat' dir='ltr'>sterili}</span> <span class='ocrx_word' id='word_1_292' title='bbox 1898 3320 2122 3383; x_wconf 77' lang='lat' dir='ltr'>sessilis</span> <span class='ocrx_word' id='word_1_293' title='bbox 2150 3320 2215 3382; x_wconf 76' lang='lat' dir='ltr'>in</span> <span class='ocrx_word' id='word_1_294' title='bbox 2243 3319 2445 3382; x_wconf 81' lang='lat' dir='ltr'>media</span> <span class='ocrx_word' id='word_1_295' title='bbox 2471 3316 2602 3399; x_wconf 80' lang='lat' dir='ltr'>fere</span> <span class='ocrx_word' id='word_1_296' title='bbox 2624 3318 2847 3400; x_wconf 82' lang='lat' dir='ltr'>planta</span> 
     </span>
     <span class='ocr_line' id='line_1_30' title="bbox 235 3419 2839 3506; baseline -0.001 -22"><span class='ocrx_word' id='word_1_297' title='bbox 235 3421 440 3505; x_wconf 80' lang='lat' dir='ltr'>posita</span> <span class='ocrx_word' id='word_1_298' title='bbox 506 3419 1231 3485; x_wconf 73' lang='lat' dir='ltr'>late-delto-ideo-ovata</span> <span class='ocrx_word' id='word_1_299' title='bbox 1295 3429 1482 3484; x_wconf 80' lang='lat' dir='ltr'>acuta</span> <span class='ocrx_word' id='word_1_300' title='bbox 1542 3424 1892 3504; x_wconf 79' lang='lat' dir='ltr'>simpliciter</span> <span class='ocrx_word' id='word_1_301' title='bbox 1947 3459 2036 3472; x_wconf 79' lang='lat'>--</span> <span class='ocrx_word' id='word_1_302' title='bbox 2083 3422 2839 3506; x_wconf 77' lang='lat' dir='ltr'>subquadripinnatisecta,</span> 
     </span>
     <span class='ocr_line' id='line_1_31' title="bbox 239 3524 2840 3610; baseline -0.001 -21"><span class='ocrx_word' id='word_1_303' title='bbox 239 3532 549 3610; x_wconf 75' lang='lat' dir='ltr'>seymema</span> <span class='ocrx_word' id='word_1_304' title='bbox 569 3525 784 3587; x_wconf 79' lang='lat' dir='ltr'>ultima</span> <span class='ocrx_word' id='word_1_305' title='bbox 799 3524 1274 3606; x_wconf 65' lang='lat' dir='ltr'>pinnatzpartita</span> <span class='ocrx_word' id='word_1_306' title='bbox 1298 3524 1537 3587; x_wconf 77' lang='lat' dir='ltr'>laciniis</span> <span class='ocrx_word' id='word_1_307' title='bbox 1560 3528 1757 3592; x_wconf 76' lang='lat' dir='ltr'>ovatis</span> <span class='ocrx_word' id='word_1_308' title='bbox 1778 3526 2197 3592; x_wconf 73' lang='lat' dir='ltr'>obtusiusculis</span> <span class='ocrx_word' id='word_1_309' title='bbox 2221 3525 2840 3608; x_wconf 64' lang='lat' dir='ltr'>inciso-pinnatifidiS,</span> 
     </span>
     <span class='ocr_line' id='line_1_32' title="bbox 240 3624 2846 3711; baseline -0 -21"><span class='ocrx_word' id='word_1_310' title='bbox 240 3628 538 3692; x_wconf 82' lang='lat' dir='ltr'>lacinulis</span> <span class='ocrx_word' id='word_1_311' title='bbox 560 3624 1092 3691; x_wconf 81' lang='lat' dir='ltr'>acute-dentatis.</span> <span class='ocrx_word' id='word_1_312' title='bbox 1143 3628 1460 3710; x_wconf 74' lang='lat' dir='ltr'>Seymenta</span> <span class='ocrx_word' id='word_1_313' title='bbox 1491 3629 1545 3711; x_wconf 75' lang='lat' dir='ltr'>I.</span> <span class='ocrx_word' id='word_1_314' title='bbox 1580 3629 1650 3690; x_wconf 91' lang='grc' dir='ltr'><strong>Ο.</strong></span> <span class='ocrx_word' id='word_1_315' title='bbox 1675 3630 1957 3692; x_wconf 87' lang='lat' dir='ltr'>breviter</span> <span class='ocrx_word' id='word_1_316' title='bbox 1982 3629 2272 3711; x_wconf 81' lang='lat' dir='ltr'>petiolata</span> <span class='ocrx_word' id='word_1_317' title='bbox 2304 3649 2337 3692; x_wconf 90' lang='lat' dir='ltr'>e</span> <span class='ocrx_word' id='word_1_318' title='bbox 2360 3630 2500 3694; x_wconf 87' lang='lat' dir='ltr'>basi</span> <span class='ocrx_word' id='word_1_319' title='bbox 2531 3628 2846 3709; x_wconf 86' lang='lat' dir='ltr'>inaequali</span> 
     </span>
     <span class='ocr_line' id='line_1_33' title="bbox 240 3718 2846 3814; baseline -0.001 -19"><span class='ocrx_word' id='word_1_320' title='bbox 240 3738 448 3811; x_wconf 83' lang='lat' dir='ltr'>ovata,</span> <span class='ocrx_word' id='word_1_321' title='bbox 484 3750 667 3814; x_wconf 70' lang='lat' dir='ltr'>seym.</span> <span class='ocrx_word' id='word_1_322' title='bbox 703 3732 794 3793; x_wconf 88' lang='grc' dir='ltr'>ΙΙ.</span> <span class='ocrx_word' id='word_1_323' title='bbox 835 3729 905 3791; x_wconf 91' lang='grc' dir='ltr'><strong>Ο.</strong></span> <span class='ocrx_word' id='word_1_324' title='bbox 944 3730 1287 3796; x_wconf 71' lang='lat' dir='ltr'>anadroma</span> <span class='ocrx_word' id='word_1_325' title='bbox 1317 3728 1571 3812; x_wconf 72' lang='lat' dir='ltr'>oblonya</span> <span class='ocrx_word' id='word_1_326' title='bbox 1602 3730 1642 3793; x_wconf 81' lang='lat' dir='ltr'>l.</span> <span class='ocrx_word' id='word_1_327' title='bbox 1680 3718 1863 3795; x_wconf 86' lang='lat' dir='ltr'>ovata</span> <span class='ocrx_word' id='word_1_328' title='bbox 1893 3739 2110 3813; x_wconf 71' lang='lat' dir='ltr'>acuta,</span> <span class='ocrx_word' id='word_1_329' title='bbox 2140 3734 2408 3814; x_wconf 79' lang='lat' dir='ltr'>primum</span> <span class='ocrx_word' id='word_1_330' title='bbox 2439 3732 2709 3813; x_wconf 75' lang='lat' dir='ltr'>infimum</span> <span class='ocrx_word' id='word_1_331' title='bbox 2738 3730 2846 3793; x_wconf 72' lang='lat' dir='ltr'>la·-</span> 
     </span>
     <span class='ocr_line' id='line_1_34' title="bbox 242 3817 2359 3918; baseline -0.006 -18"><span class='ocrx_word' id='word_1_332' title='bbox 242 3836 392 3901; x_wconf 72' lang='lat' dir='ltr'>tcris</span> <span class='ocrx_word' id='word_1_333' title='bbox 422 3833 731 3918; x_wconf 74' lang='lat' dir='ltr'>inferioris</span> <span class='ocrx_word' id='word_1_334' title='bbox 755 3834 1043 3916; x_wconf 70' lang='lat' dir='ltr'>praa-imo</span> <span class='ocrx_word' id='word_1_335' title='bbox 1076 3832 1342 3896; x_wconf 76' lang='lat' dir='ltr'>brevius.</span> <span class='ocrx_word' id='word_1_336' title='bbox 2353 3817 2359 3823; x_wconf 72' lang='grc'><strong><em>’</em></strong></span> 
     </span>
    </p>

    <p class='ocr_par' dir='ltr' id='par_1_9' title="bbox 238 3935 2845 4122">
     <span class='ocr_line' id='line_1_35' title="bbox 417 3935 2845 4019; baseline -0 -19"><span class='ocrx_word' id='word_1_337' title='bbox 417 3938 708 4002; x_wconf 86' lang='lat' dir='ltr'>Panioula</span> <span class='ocrx_word' id='word_1_338' title='bbox 740 3936 1117 4019; x_wconf 88' lang='lat' dir='ltr'>plerumque</span> <span class='ocrx_word' id='word_1_339' title='bbox 1147 3935 1650 4018; x_wconf 84' lang='lat' dir='ltr'>tripinnatisecta</span> <span class='ocrx_word' id='word_1_340' title='bbox 1685 3935 2044 4018; x_wconf 88' lang='lat' dir='ltr'>pedunculo</span> <span class='ocrx_word' id='word_1_341' title='bbox 2075 3957 2110 4001; x_wconf 91' lang='lat' dir='ltr'>e</span> <span class='ocrx_word' id='word_1_342' title='bbox 2141 3937 2279 4000; x_wconf 87' lang='lat' dir='ltr'>basi</span> <span class='ocrx_word' id='word_1_343' title='bbox 2309 3936 2579 4004; x_wconf 78' lang='lat' dir='ltr'>laminae</span> <span class='ocrx_word' id='word_1_344' title='bbox 2610 3936 2845 4000; x_wconf 82' lang='lat' dir='ltr'>sterilis</span> 
     </span>
     <span class='ocr_line' id='line_1_36' title="bbox 238 4038 1516 4122; baseline -0.002 -18"><span class='ocrx_word' id='word_1_345' title='bbox 238 4039 531 4108; x_wconf 88' lang='lat' dir='ltr'>oriundo.</span> <span class='ocrx_word' id='word_1_346' title='bbox 595 4041 835 4103; x_wconf 82' lang='lat' dir='ltr'>Raches</span> <span class='ocrx_word' id='word_1_347' title='bbox 866 4058 1057 4122; x_wconf 90' lang='lat' dir='ltr'>parce</span> <span class='ocrx_word' id='word_1_348' title='bbox 1088 4038 1516 4122; x_wconf 82' lang='lat' dir='ltr'>lanuginosae.</span> 
     </span>
    </p>

    <p class='ocr_par' dir='ltr' id='par_1_10' title="bbox 415 4140 2282 4224">
     <span class='ocr_line' id='line_1_37' title="bbox 415 4140 2282 4224; baseline 0 -18"><span class='ocrx_word' id='word_1_349' title='bbox 415 4144 706 4206; x_wconf 79' lang='lat' dir='ltr'>Nervatio</span> <span class='ocrx_word' id='word_1_350' title='bbox 736 4142 1122 4224; x_wconf 87' lang='lat' dir='ltr'>Eupteridis.</span> <span class='ocrx_word' id='word_1_351' title='bbox 1191 4143 1464 4207; x_wconf 85' lang='lat' dir='ltr'>Cellulae</span> <span class='ocrx_word' id='word_1_352' title='bbox 1495 4140 1909 4223; x_wconf 84' lang='lat' dir='ltr'>epidcrmidis</span> <span class='ocrx_word' id='word_1_353' title='bbox 1941 4144 2282 4208; x_wconf 84' lang='lat' dir='ltr'>flexuosae.</span> 
     </span>
    </p>

    <p class='ocr_par' dir='ltr' id='par_1_11' title="bbox 239 4245 2856 4635">
     <span class='ocr_line' id='line_1_38' title="bbox 414 4245 2839 4312; baseline -0 -1"><span class='ocrx_word' id='word_1_354' title='bbox 414 4245 665 4311; x_wconf 71' lang='lat' dir='ltr'>Exsico.</span> <span class='ocrx_word' id='word_1_355' title='bbox 729 4248 888 4309; x_wconf 89' lang='lat' dir='ltr'>Unio</span> <span class='ocrx_word' id='word_1_356' title='bbox 919 4246 989 4307; x_wconf 90' lang='lat' dir='ltr'>it.</span> <span class='ocrx_word' id='word_1_357' title='bbox 1031 4245 1219 4308; x_wconf 87' lang='grc'><strong>4837.</strong></span> <span class='ocrx_word' id='word_1_358' title='bbox 1259 4248 1455 4308; x_wconf 64' lang='grc' dir='ltr'><strong>-.Ε.</strong></span> <span class='ocrx_word' id='word_1_359' title='bbox 1493 4248 1685 4311; x_wconf 82' lang='lat' dir='ltr'>Fries.</span> <span class='ocrx_word' id='word_1_360' title='bbox 1725 4247 1915 4312; x_wconf 85' lang='lat' dir='ltr'>Herb.</span> <span class='ocrx_word' id='word_1_361' title='bbox 1961 4266 2164 4312; x_wconf 90' lang='lat' dir='ltr'>norm.</span> <span class='ocrx_word' id='word_1_362' title='bbox 2208 4250 2288 4310; x_wconf 89' lang='lat' dir='ltr'>X.</span> <span class='ocrx_word' id='word_1_363' title='bbox 2339 4248 2485 4312; x_wconf 85' lang='grc'><strong>400.</strong></span> <span class='ocrx_word' id='word_1_364' title='bbox 2519 4281 2608 4296; x_wconf 91' lang='grc'><strong>-</strong></span> <span class='ocrx_word' id='word_1_365' title='bbox 2647 4247 2839 4310; x_wconf 83' lang='lat' dir='ltr'>Herb.</span> 
     </span>
     <span class='ocr_line' id='line_1_39' title="bbox 239 4338 1434 4441; baseline -0.004 -26"><span class='ocrx_word' id='word_1_366' title='bbox 239 4352 331 4415; x_wconf 88' lang='lat' dir='ltr'>Fl.</span> <span class='ocrx_word' id='word_1_367' title='bbox 370 4351 615 4432; x_wconf 81' lang='lat' dir='ltr'>lngriae</span> <span class='ocrx_word' id='word_1_368' title='bbox 643 4350 754 4413; x_wconf 86' lang='lat' dir='ltr'>No.</span> <span class='ocrx_word' id='word_1_369' title='bbox 793 4350 939 4441; x_wconf 76' lang='grc'><strong>832.</strong></span> <span class='ocrx_word' id='word_1_370' title='bbox 981 4383 1060 4396; x_wconf 90' lang='grc'>--</span> <span class='ocrx_word' id='word_1_371' title='bbox 1178 4367 1182 4371; x_wconf 92' lang='grc'><strong><em>·</em></strong></span> <span class='ocrx_word' id='word_1_372' title='bbox 1425 4338 1434 4344; x_wconf 71' lang='grc'><strong>’</strong></span> 
     </span>
     <span class='ocr_line' id='line_1_40' title="bbox 264 4437 2856 4532; baseline -0.001 -16"><span class='ocrx_word' id='word_1_373' title='bbox 264 4437 273 4440; x_wconf 87' lang='grc'>’</span> <span class='ocrx_word' id='word_1_374' title='bbox 413 4454 588 4517; x_wconf 77' lang='lat' dir='ltr'>leon.</span> <span class='ocrx_word' id='word_1_375' title='bbox 640 4452 884 4515; x_wconf 73' lang='lat' dir='ltr'>medei.</span> <span class='ocrx_word' id='word_1_376' title='bbox 909 4471 965 4513; x_wconf 83' lang='lat'>0.</span> <span class='ocrx_word' id='word_1_377' title='bbox 997 4460 1044 4513; x_wconf 82' lang='lat' dir='ltr'>t.</span> <span class='ocrx_word' id='word_1_378' title='bbox 1081 4453 1156 4513; x_wconf 84' lang='lat'>53</span> <span class='ocrx_word' id='word_1_379' title='bbox 1190 4450 1291 4532; x_wconf 72' lang='lat' dir='ltr'>fig.</span> <span class='ocrx_word' id='word_1_380' title='bbox 1318 4451 1428 4515; x_wconf 72' lang='lat'>20⁴</span> <span class='ocrx_word' id='word_1_381' title='bbox 1457 4450 1703 4517; x_wconf 77' lang='lat' dir='ltr'>dextra.</span> <span class='ocrx_word' id='word_1_382' title='bbox 1729 4488 1816 4502; x_wconf 88' lang='grc'>--</span> <span class='ocrx_word' id='word_1_383' title='bbox 1846 4443 2128 4517; x_wconf 66' lang='grc' dir='ltr'>εεὴιηιιιν</span> <span class='ocrx_word' id='word_1_384' title='bbox 2146 4454 2291 4516; x_wconf 73' lang='lat'>156.</span> <span class='ocrx_word' id='word_1_385' title='bbox 2315 4487 2400 4499; x_wconf 90' lang='grc'>-</span> <span class='ocrx_word' id='word_1_386' title='bbox 2431 4452 2681 4516; x_wconf 78' lang='lat' dir='ltr'>Svensk</span> <span class='ocrx_word' id='word_1_387' title='bbox 2706 4451 2856 4514; x_wconf 63' lang='lat' dir='ltr'>bot.</span> 
     </span>
     <span class='ocr_line' id='line_1_41' title="bbox 240 4554 2838 4635; baseline -0.001 -16"><span class='ocrx_word' id='word_1_388' title='bbox 240 4558 392 4624; x_wconf 73' lang='grc'><strong>663.</strong></span> <span class='ocrx_word' id='word_1_389' title='bbox 413 4591 495 4608; x_wconf 87' lang='lat'>-·-</span> <span class='ocrx_word' id='word_1_390' title='bbox 512 4556 707 4618; x_wconf 81' lang='lat' dir='ltr'>Gmel.</span> <span class='ocrx_word' id='word_1_391' title='bbox 732 4556 884 4618; x_wconf 67' lang='lat' dir='ltr'>NoV.</span> <span class='ocrx_word' id='word_1_392' title='bbox 909 4555 1081 4619; x_wconf 87' lang='lat' dir='ltr'>Com.</span> <span class='ocrx_word' id='word_1_393' title='bbox 1108 4555 1353 4635; x_wconf 88' lang='lat' dir='ltr'>Petrop.</span> <span class='ocrx_word' id='word_1_394' title='bbox 1378 4557 1504 4617; x_wconf 90' lang='lat' dir='ltr'>XII.</span> <span class='ocrx_word' id='word_1_395' title='bbox 1527 4557 1596 4618; x_wconf 81' lang='grc'>54</span> <span class='ocrx_word' id='word_1_396' title='bbox 1614 4558 1675 4619; x_wconf 91' lang='grc'><strong>7.</strong></span> <span class='ocrx_word' id='word_1_397' title='bbox 1698 4565 1748 4619; x_wconf 86' lang='lat' dir='ltr'>t.</span> <span class='ocrx_word' id='word_1_398' title='bbox 1776 4560 1841 4620; x_wconf 91' lang='grc'>44</span> <span class='ocrx_word' id='word_1_399' title='bbox 1866 4604 1878 4618; x_wconf 99' lang='grc'><strong>.</strong></span> <span class='ocrx_word' id='word_1_400' title='bbox 1907 4581 1990 4606; x_wconf 86' lang='grc'>-·-</span> <span class='ocrx_word' id='word_1_401' title='bbox 2020 4554 2259 4622; x_wconf 82' lang='lat' dir='ltr'>Hooker</span> <span class='ocrx_word' id='word_1_402' title='bbox 2275 4556 2527 4619; x_wconf 88' lang='lat' dir='ltr'>Garden</span> <span class='ocrx_word' id='word_1_403' title='bbox 2545 4554 2715 4617; x_wconf 77' lang='lat' dir='ltr'>ferna</span> <span class='ocrx_word' id='word_1_404' title='bbox 2732 4556 2838 4618; x_wconf 78' lang='lat'>29.</span> 
     </span>
    </p>

    <p class='ocr_par' dir='ltr' id='par_1_12' title="bbox 232 4655 2843 4847">
     <span class='ocr_line' id='line_1_42' title="bbox 410 4655 2843 4740; baseline -0.001 -17"><span class='ocrx_word' id='word_1_405' title='bbox 410 4658 576 4723; x_wconf 73' lang='lat' dir='ltr'>nab.</span> <span class='ocrx_word' id='word_1_406' title='bbox 641 4660 707 4719; x_wconf 93' lang='lat' dir='ltr'>In</span> <span class='ocrx_word' id='word_1_407' title='bbox 748 4657 928 4721; x_wconf 81' lang='lat' dir='ltr'>silvis</span> <span class='ocrx_word' id='word_1_408' title='bbox 972 4666 1038 4719; x_wconf 89' lang='lat' dir='ltr'>et</span> <span class='ocrx_word' id='word_1_409' title='bbox 1068 4656 1267 4737; x_wconf 87' lang='lat' dir='ltr'>pratis</span> <span class='ocrx_word' id='word_1_410' title='bbox 1303 4658 1619 4739; x_wconf 86' lang='lat' dir='ltr'>Europae,</span> <span class='ocrx_word' id='word_1_411' title='bbox 1669 4655 1858 4722; x_wconf 85' lang='lat' dir='ltr'>Asiae</span> <span class='ocrx_word' id='word_1_412' title='bbox 1898 4668 1964 4722; x_wconf 87' lang='lat' dir='ltr'>et</span> <span class='ocrx_word' id='word_1_413' title='bbox 1992 4656 2317 4722; x_wconf 73' lang='lat' dir='ltr'>Americae</span> <span class='ocrx_word' id='word_1_414' title='bbox 2349 4676 2556 4740; x_wconf 85' lang='lat' dir='ltr'>usque</span> <span class='ocrx_word' id='word_1_415' title='bbox 2586 4658 2647 4726; x_wconf 84' lang='lat' dir='ltr'>in</span> <span class='ocrx_word' id='word_1_416' title='bbox 2682 4660 2843 4721; x_wconf 79' lang='lat' dir='ltr'>Bra-</span> 
     </span>
     <span class='ocr_line' id='line_1_43' title="bbox 232 4757 2456 4847; baseline -0.006 -18"><span class='ocrx_word' id='word_1_417' title='bbox 232 4763 443 4829; x_wconf 80' lang='lat' dir='ltr'>siliam</span> <span class='ocrx_word' id='word_1_418' title='bbox 484 4762 550 4847; x_wconf 70' lang='grc' dir='ltr'>(ἰ.</span> <span class='ocrx_word' id='word_1_419' title='bbox 588 4780 642 4823; x_wconf 93' lang='lat' dir='ltr'>s.</span> <span class='ocrx_word' id='word_1_420' title='bbox 681 4768 794 4840; x_wconf 90' lang='lat' dir='ltr'>o.).</span> <span class='ocrx_word' id='word_1_421' title='bbox 2451 4757 2456 4762; x_wconf 87' lang='grc'><strong><em>’</em></strong></span> 
     </span>
    </p>
   </div>
  </div>
 </body>
</html>
