3450 5367
1460 308 1687 366 Filiees.
2826 305 2867 367 9

276 472 675 555 pyramidum
718 483 785 537 et
827 482 1222 555 segmentum
1274 477 1317 536 1.
1359 476 1435 537 Ο.
1474 483 1676 537 totum
1714 476 2017 557 utrinque
2049 475 2425 538 decrescens
2470 476 2723 538 existat.
2803 478 2868 536 ln

275 577 418 639 aliis
448 576 722 640 filicibus
753 587 1150 659 segmentum
1182 579 1255 639 11.
1296 579 1372 641 Ο.
1409 579 1623 640 lateris
1669 578 1981 641 inferioris
2027 581 2302 660 primum
2349 578 2552 641 solum
2584 579 2882 660 proximo·

276 681 540 750 breyius
573 689 670 742 est
702 689 764 742 et
796 680 1144 743 secundum
1171 682 1449 743 omnium
1481 682 1913 764 longissimum
1942 693 2035 746 est
2065 686 2219 745 utin
2246 684 2526 766 Cystopt.
2557 680 2866 768 sudetica‚

280 783 496 864 Aspid.
537 783 846 866 elongato,
897 794 960 848 et
1005 785 1069 850 in
1115 785 1312 854 forma
1345 784 1693 854 Maderensi
1724 783 1972 870 Aspidii
2017 784 2289 854 dilatati,
2370 788 2438 854 In
2466 786 2564 849 his
2597 786 2872 852 filicibus

277 888 472 968 igitur
517 895 648 949 tota
694 889 923 950 lamina
962 888 1354 970 pyramidata
1398 890 1441 950 l.
1486 888 1776 971 ambigua
1817 897 1882 956 et
1922 899 2313 970 segmentum
2361 890 2646 954 infimum
2695 892 2744 956 1.
2789 892 2866 952 Ο.

282 992 634 1074 ambiyuum
664 1003 785 1054 est.
864 994 933 1054 In
965 993 1104 1054 aliis
1135 993 1436 1055 Filicibus
1468 994 1750 1055 infimum
1785 994 1983 1055 solum
2020 1002 2414 1075 segmentum
2447 995 2517 1055 11.
2541 994 2619 1056 Ο.
2659 994 2872 1055 lateris

282 1096 628 1176 superioris
659 1093 936 1157 secundo
968 1096 1226 1159 brevius
1259 1115 1400 1166 esse
1432 1096 1611 1176 solet,
1646 1108 1717 1166 ut
1743 1099 1806 1162 in
1830 1095 2087 1177 Aspidio
2111 1094 2371 1159 dilatato
2402 1114 2717 1178 europaeo
2743 1105 2866 1158 etc.

451 1202 520 1261 In
565 1199 856 1280 plurimis
901 1199 1172 1262 filicibus
1218 1202 1377 1263 latus
1420 1200 1681 1280 inferius
1719 1201 2009 1282 seymenti
2042 1203 2097 1263 Ι.
2137 1203 2206 1262 Ο.
2248 1200 2577 1263 adauctum
2615 1201 2866 1277 existit3

282 1303 529 1384 egregie
561 1303 678 1366 hoc
708 1301 1176 1370 observandum
1224 1314 1318 1366 est
1347 1305 1412 1366 in
1444 1301 1704 1385 Aspidio
1738 1304 2006 1384 aemulo,
2060 1303 2131 1370 A.
2167 1302 2454 1383 dilatato,
2505 1300 2866 1372 Cheilanth.

280 1406 569 1484 arabica,
619 1406 930 1486 pulchella
978 1416 1100 1468 etc.
1208 1408 1501 1470 Laminae
1550 1391 1988 1487 pfframidatae
2042 1416 2362 1488 segmenta
2407 1409 2453 1472 1.
2502 1408 2577 1470 Ο.
2629 1408 2871 1487 apicem

282 1511 551 1574 laminae
582 1523 808 1574 versus
851 1510 1086 1578 sensim
1132 1508 1548 1585 decrescunt;
1604 1513 1769 1574 hanc
1811 1511 2273 1578 decrescentium
2320 1512 2440 1595 leqe
2471 1520 2638 1578 certa
2679 1512 2875 1576 insti-

284 1621 486 1678 tutam
518 1632 682 1692 esse,
723 1614 1001 1695 Cystopt.
1044 1623 1339 1678 montana
1373 1622 1436 1675 et
1467 1612 1777 1695 sudetica,
1829 1616 2242 1698 Phegopteris
2265 1616 2632 1697 Dryopteris
2663 1622 2727 1677 et
2762 1615 2868 1680 Ph.

285 1718 663 1782 Robertiana
695 1715 957 1791 docent3
1000 1718 1234 1794 (confer
1265 1718 1729 1798 descriptiones
1762 1719 1986 1781 harum
2022 1716 2429 1801 specierum).

458 1822 582 1884 Eae
635 1822 883 1901 species
938 1821 1194 1900 filicum,
1256 1840 1522 1902 quarum
1583 1824 1763 1883 nervi
1821 1823 2218 1905 l.'seymenta
2261 1821 2628 1886 secundario
2673 1824 2875 1886 omnia-

284 1924 625 1986 anadroma
671 1933 838 2003 sunt,
890 1925 1392 2007 Polystichoideae
1433 1925 1861 2005 appellantur.
1911 1960 1992 1971 —
2049 1925 2587 2008 Pheyopteroideae
2636 1925 2875 1992 habent

283 2036 611 2108 segmenta
644 2029 717 2090 ΙΙ.
756 2028 834 2090 Ο.
870 2027 1210 2092 anadroma
1243 2029 1309 2092 in
1340 2028 1591 2096 duobus
1622 2029 1858 2092 infimis
1888 2029 2152 2110 paribus
2182 2037 2648 2108 segmentorum
2682 2030 2727 2090 Ι.
2766 2028 2869 2106 0.,

284 2134 346 2193 in
405 2128 840 2211 superioribus
886 2133 1227 2212 segmentis
1276 2133 1320 2193 1.
1370 2133 1444 2195 Ο.
1495 2140 1703 2195 autem
1760 2131 2118 2195 catadroma
2171 2139 2236 2194 et
2286 2149 2517 2196 nervos
2561 2132 2875 2198 tertiarios

285 2235 684 2315 anadromos‚
736 2236 818 2298 ab
862 2235 961 2298 his
1005 2234 1306 2302 differunt
1353 2235 1785 2317 Cyatheoidcae
1837 2236 2039 2299 solum
2086 2235 2299 2298 nervis
2345 2236 2649 2300 tertiariis
2693 2245 2876 2300 cata-

286 2339 558 2415 dromis3
621 2337 736 2401 sed
778 2336 938 2404 illud
982 2325 1329 2406 notandum
1376 2348 1510 2420 est,
1571 2339 1743 2420 apud
1789 2338 2240 2421 Cyatbeoideas
2282 2339 2400 2402 duo
2447 2339 2653 2417 infima
2684 2340 2878 2420 paria

285 2449 726 2524 seqmentorum
756 2444 846 2504 11.
887 2441 955 2506 Ο.
1011 2443 1073 2506 in
1119 2443 1464 2523 segmentis
1499 2444 1542 2503 Ι.
1582 2443 1656 2504 Ο.
1697 2440 2132 2524 superioribus
2165 2442 2505 2506 anadroma
2547 2461 2661 2504 nec
2694 2452 2876 2508 cata-

287 2545 500 2610 droma
547 2564 709 2607 esse.
798 2543 1050 2627 (Confer
1094 2547 1332 2608 Metten.
1382 2542 1655 2626 Ahbdlg.
1707 2545 2143 2627 Senkenherg.
2194 2546 2429 2610 naturf.
2474 2545 2871 2612 Gesellschft.

286 2651 355 2714 11.
396 2649 507 2711 Bd.
550 2648 942 2728 [4856—58]
976 2667 1119 2729 pag.
1160 2649 1336 2726 887).

459 2752 662 2833 opera
689 2751 856 2818 bona
885 2752 1121 2818 tiliana
1151 2754 1539 2818 tractandas

622 2857 809 2918 4809.
889 2854 1187 2934 Scldcuhr,
1229 2858 1337 2918 Die
1369 2856 1768 2938 kryptogam.
1805 2856 2173 2920 Gewtichse.

624 2959 812 3021 4828.
889 2960 967 3021 Η.
1006 2978 1065 3024 υ.
1105 2958 1284 3038 Mola,
1323 2961 1411 3021 De
1435 2967 1757 3024 structura
1786 2958 2066 3026 caudicis
2099 2960 2243 3026 filie,
2279 2959 2487 3030 arhor.

625 3064 812 3126 4836.
898 3065 1094 3143 Presl,
1135 3065 1478 3127 Tentamen
1515 3063 2080 3144 pteridograpbiae.

625 3167 813 3230 4837.
893 3166 966 3232 G.
1004 3169 1235 3245 Kunze,
1272 3166 1568 3230 Analecta
1601 3164 2172 3248 Pteridographiae.

626 3272 814 3337 ⁴840.
895 3271 968 3333 G.
1004 3272 1238 3349 Kame,
1280 3272 1388 3333 Die
1418 3270 1864 3336 Farnkrauter.

628 3376 813 3440 4842.
891 3373 1149 3452 Hooker,
1187 3375 1429 3438 Genera
1462 3374 1747 3438 Filicum.

628 3481 813 3544 4846.
898 3478 1150 3560 Hooker‚
1188 3480 1442 3558 Species
1475 3479 1732 3542 filicum.

626 3583 814 3645 4850.
898 3584 1025 3661 Ρόε,
1065 3584 1307 3645 Genera
1342 3583 1622 3644 Filicum.

624 3687 775 3751 4854
799 3732 812 3746 .
899 3686 994 3747 W.
1031 3685 1412 3767 Hofhneister,
1449 3687 1655 3766 Vergl.
1694 3687 1945 3748 Unters.
1981 3685 2221 3748 {lohere
2261 3686 2742 3763 Kryptogamen.

627 3790 812 3852 4852.
894 3788 1174 3866 Schacht,
1217 3788 1566 3869 Physiolog.
1603 3788 1890 3850 Botanik.
1933 3847 1940 3854 .

624 3894 813 3954 4856.
896 3892 1227 3970 metemus,
1268 3891 1487 3954 Filices
1520 3891 1681 3956 horti
1716 3890 1991 3954 holanici
2030 3889 2394 3970 Lipsiensis.
2626 3973 2632 3978 ἢ

628 3996 651 4054 4
669 3997 815 4060 856.
894 3996 1228 4072 Eleusinum,
1282 3993 1553 4074 Aphdlg.
1607 3994 2047 4073 Senkenberg.
2099 3990 2708 4076 saturiorschcheu
2761 3992 2878 4053 Ge-

894 4097 1237 4160 sellschaft.
1324 4099 1512 4161 4856.
1595 4099 1785 4159 4859.

628 4202 813 4266 4859.
896 4202 1239 4279 micham,
1292 4200 2079 4280 Gesassbundel-Verthlg.
2132 4200 2216 4266 im
2254 4201 2531 4268 stamme
2564 4219 2629 4264 u.
2667 4199 2879 4279 Stipes

518 4292 523 4296 ’
889 4304 1011 4367 'der
1039 4307 1283 4370 Farne„
1341 4307 1521 4368 xvn.
1559 4305 1672 4370 Bd.
1723 4302 2123 4370 Denksohrft.
2161 4305 2322 4368 kais.
2360 4301 2664 4370 Akadem.
2707 4302 2879 4366 Wis-

893 4408 1197 4472 senschst.
1233 4409 1298 4470 in
1332 4409 1533 4471 Wien.

625 4512 814 4582 4860.
894 4513 1243 4589 Μεαεπίαε,
1309 4512 1808 4591 Seitenknospen
1856 4510 1957 4571 bei
2007 4511 2271 4578 Farncu.
2352 4507 2626 4587 Abhdlg2
2679 4505 2870 4568 math.

820 4671 825 4676 .
897 4616 1079 4696 phys.
1117 4614 1315 4676 Class.
1353 4614 1477 4695 kgl.
1516 4616 1724 4676 sacius,
1764 4615 1908 4676 Ges,
1952 4612 2386 4682 Wissenschft.
2645 4664 2654 4685 ,
2997 4671 3008 4682 ,

628 4721 817 4786 4864.
900 4719 1170 4796 Stenzel‚
1240 4719 1488 4786 Umers.
1538 4721 1667 4782 Bau
1722 4738 1785 4780 u.
1844 4717 2172 4782 Wachsth.
2229 4715 2344 4779 der
2395 4717 2630 4780 Fame.>
2705 4715 2874 4776 Nova

891 4821 1029 4890 Act.
1110 4821 1538 4890 v01.xxv111.
2977 4805 2982 4812 ’
