3450 5367
1336 1356 1818 1464 Praefatio.

444 1637 510 1697 In
556 1637 764 1701 animo
810 1640 960 1703 mihi
1009 1641 1248 1727 fuerat,
1302 1651 1591 1737 Europae
1635 1668 1881 1725 tantum
1930 1671 1995 1727 et
2024 1661 2365 1727 Atlantidis
2396 1663 2593 1729 filices
2625 1664 2876 1730 descri-

267 2114 482 2178 critica
516 2119 759 2184 ratione
790 2122 1070 2189 nondum
1104 2140 1256 2193 sunt
1287 2141 1615 2201 tractatae.
1685 2142 1902 2225 ltaque
1944 2144 2134 2208 etiam
2169 2143 2405 2207 factum
2439 2150 2561 2226 est,
2612 2154 2686 2208 ut
2717 2165 2875 2229 spe-

268 2236 398 2300 cies
429 2237 690 2323 aliquot,
731 2260 893 2326 quae
918 2247 1037 2311 alio
1064 2249 1198 2314 loco
1224 2250 1683 2323 describendae
1715 2273 1950 2343 essent,
1991 2274 2226 2344 tamen,
2263 2282 2459 2347 quum
2495 2265 2593 2328 vel
2616 2267 2871 2330 criticae

268 2356 368 2419 vel
401 2360 558 2423 meis
590 2362 810 2428 affines
841 2378 1103 2451 essent,
1128 2369 1506 2439 addiderim.

437 2479 506 2542 In
551 2484 874 2549 tractanda
919 2491 1179 2555 materia
1231 2502 1295 2555 et
1345 2498 1682 2578 speciebus
1726 2503 2328 2569 circumscribendis
2367 2503 2874 2589 definiendisque

268 2597 439 2681 leges
482 2577 742 2668 secutus
783 2625 958 2691 sum,
1015 2629 1174 2694 quas
1220 2614 1538 2683 Menenius
1574 2620 1637 2683 in
1684 2620 1847 2687 libro
1891 2643 2006 2687 suo
2054 2625 2327 2707 „Filices
2383 2624 2546 2689 horti
2594 2625 2871 2691 botanici

268 2719 638 2801 Lipsiensis‘
654 2724 667 2756 ‘
696 2729 1021 2810 proposuit
1044 2737 1558 2820 argumentisque
1583 2740 1881 2807 firmavit.
1931 2745 2146 2828 Neque
2173 2745 2342 2807 enim
2367 2744 2566 2807 ullum
2599 2743 2865 2810 dubium

262 2858 404 2903 esse
448 2851 688 2927 potest,
740 2850 894 2931 quin
930 2852 1044 2915 bae
1077 2852 1245 2937 leges
1276 2859 1546 2922 maxime
1575 2861 1706 2924 sint
1737 2861 2035 2945 idoneae,
2088 2864 2323 2947 quibus
2356 2866 2616 2929 scientia
2650 2876 2869 2950 syste-

264 2962 491 3025 matica
524 2963 760 3029 filicum
795 2968 989 3034 veluti
1023 2973 1434 3044 fundamento
1465 2980 1828 3047 firmissimo
1858 2984 2122 3049 nitatur.

433 3083 605 3146 Inter
645 3084 1006 3168 adiumenta
1056 3096 1411 3182 uberrima,
1462 3102 1697 3185 quibus
1741 3104 1834 3168 uti
1880 3103 2031 3166 mihi
2076 3106 2368 3188 contigit,
2418 3104 2574 3170 haec
2615 3107 2855 3172 releroz

262 3201 563 3269 Herbaria
598 3209 762 3289 regia
796 3212 1251 3300 Berolinensia,
1292 3219 1794 3287 vindobonensis
1827 3225 2028 3288 musei
2062 3227 2361 3308 caesarei,
2399 3229 2673 3292 caesarei
2705 3228 2869 3293 horti

261 3321 538 3388 botanici
588 3329 1061 3417 Petropolitani,
1128 3341 1402 3405 virorum
1455 3344 1950 3408 clarissimorum
1992 3346 2230 3411 Hoolcer
2268 3357 2331 3411 et
2374 3349 2612 3430 Moore,
2663 3350 2862 3431 Presl,

208 3497 219 3502 -
260 3442 497 3527 Kunze,
549 3447 929 3536 Koehlewein,
981 3458 1326 3542 Menenius,
1390 3460 1463 3525 Α.
1512 3465 1763 3544 Brenn,
1822 3467 2112 3551 Goppert,
2177 3470 2393 3533 Cosson
2410 3517 2427 3549 ,
2495 3470 2764 3535 Boissier
2806 3480 2869 3534 et

257 3564 506 3646 flenter,
545 3569 678 3653 Fe'e,
720 3574 959 3659 Bunqe,
1007 3580 1209 3662 Bolle,
1262 3581 1631 3668 Buchinqer,
1674 3585 1938 3670 Todaro,
1998 3585 2319 3654 Winclcler.
2388 3592 2701 3665 Quoniam
2733 3594 2866 3655 im-

258 3685 481 3763 primis
523 3708 714 3756 curae
759 3696 911 3759 mihi
967 3709 1132 3780 erat,
1194 3711 1267 3767 ut
1318 3705 1678 3769 criticarum
1730 3709 2085 3790 specierum
2133 3710 2482 3806 specimina
2540 3712 2863 3794 originalia

257 3807 683 3893 acquirerem,
733 3823 807 3877 ut
852 3835 990 3881 meo
1015 3818 1290 3905 judicio,
1338 3842 1463 3887 non
1496 3825 1761 3890 aliorum
1794 3836 2053 3910 starem,
2090 3828 2261 3895 haud
2292 3849 2529 3914 parvus
2560 3850 2862 3897 numerus

176 3982 185 3988 .
254 3922 615 4006 plantarum
649 3935 1010 4002 criticarum
1044 3941 1107 4004 in
1140 3962 1329 4026 opere
1362 3964 1503 4011 meo
1535 3946 1915 4030 explicatur.

426 4048 611 4115 Porro
642 4072 898 4136 operam
932 4058 1114 4143 dedi,
1161 4072 1234 4126 ut
1265 4066 1538 4147 speciem
1572 4086 1893 4152 quamque
1924 4069 2007 4133 ab
2039 4069 2192 4134 locis
2225 4072 2521 4136 omnibus
2540 4120 2555 4154 ,
2607 4074 2672 4136 in
2705 4075 2859 4157 qui-

250 4163 374 4230 hus
419 4173 757 4256 praecipue
801 4179 1059 4244 inventa
1106 4192 1240 4265 est,
1289 4185 1676 4269 obtinerem,
1730 4208 1936 4273 neque
1981 4193 2362 4257 mentionem
2409 4193 2529 4257 feci
2574 4191 2654 4257 de
2702 4194 2855 4259 locis

249 4283 436 4368 ullis,
477 4293 599 4355 nisi
631 4299 974 4378 specimina
1009 4301 1097 4366 ibi
1129 4313 1278 4369 nata
1309 4307 1447 4390 ipse
1481 4308 1787 4374 videram.

419 4411 553 4474 Jam
588 4426 808 4497 restat,
863 4431 932 4484 ut
964 4424 1118 4488 viris
1150 4426 1446 4493 omnibus
1477 4428 1622 4509 illis,
1662 4449 1931 4512 quorum
1964 4430 2271 4515 plurimos
2297 4435 2427 4514 jam
2462 4437 2847 4515 enumeravi,

249 4528 358 4608 qui
389 4541 500 4596 aut
530 4538 786 4603 consilio
817 4552 926 4608 aut
957 4563 1022 4606 re
1047 4563 1148 4609 me
1180 4543 1584 4631 adjuverunt,
1621 4553 1856 4634 gratias
1883 4553 2193 4616 maximas
2217 4571 2419 4635 agam,
2458 4562 2605 4616 ante
2638 4574 2862 4656 omnes·

247 4647 402 4712 viris
450 4651 821 4723 clarissimis
862 4664 939 4725 H.
992 4663 1254 4749 Goppert
1303 4678 1368 4731 et
1410 4664 1481 4732 Α.
1530 4672 1783 4751 Braun,
1850 4673 1959 4754 qui
2022 4674 2202 4737 libris
2247 4682 2311 4737 et
2355 4673 2592 4756 plantis
2645 4676 2854 4738 animo

246 4765 687 4841 liberalissimo
730 4778 1456 4869 benevolentissimoque
1500 4788 1709 4854 studia
1757 4809 1891 4855 mea
1933 4789 2351 4873 adiuverunt,
2405 4812 2611 4874 neque
2643 4794 2855 4857 minus
