3450 5367
636 281 760 346 144
1728 280 2129 356 Amidhceae.

626 458 987 513 maerenda
1019 450 1532 531 ρύνιαεῲοπίω,
1592 449 1858 513 laciniae
1901 451 2143 531 infima
2183 445 2290 512 2¹⁰
2339 449 2564 527 longae
2609 446 2986 509 subsolutac
3023 464 3066 506 e
3109 444 3247 507 basi
3293 447 3302 460 ⁸

626 552 911 615 breviter
938 561 1263 614 attenuata
1292 551 1497 615 uvales
1524 559 1590 613 et
1631 551 1938 633 oblongae
1965 559 2674 615 mucronato-serratas
2703 552 2916 613 antice
2943 547 3248 611 dentatae

630 657 935 738 utrinque
956 654 1278 734 scribtae,
1312 655 1659 737 arperht-es
1679 656 2038 738 effluentes
2059 665 2278 719 ovatae
2297 663 2694 718 mucronata
2717 671 3075 716 monosorae
3101 669 3249 713 car-

631 758 1392 839 tangiaco-mergimus,
1421 775 1642 819 omnes
1663 759 1731 819 in
1755 759 1984 839 pagina
2010 761 2340 840 superiore
2363 759 2500 821 loeo
2521 761 2648 821 sori
2677 766 2913 839 puncto
2937 759 3248 839 impresso

631 870 920 938 notatae3
977 862 1103 922 sori
1144 861 1533 923 confluentes
1575 868 1767 922 totam
1812 864 2112 943 paginam
2155 861 2385 926 subtus
2427 861 2805 942 obtegentes
2862 879 2898 921 a
2960 860 3107 923 basi
3151 861 3250 922 la·-

635 965 845 1026 minae
872 979 1078 1046 usque
1106 962 1188 1026 ad
1218 967 1466 1046 apicem
1496 964 1706 1026 effusi.

804 1066 1125 1131 Indmium
1166 1067 1626 1150 ωηεν-τίω
1654 1066 1922 1149 plumam
1968 1066 2366 1131 rotundato-
2384 1068 2724 1130 renitor-me
2753 1069 3010 1129 firmum
3045 1068 3246 1129 rarius

637 1172 971 1252 peltatum.

534 1278 543 1284 ‘
802 1274 983 1336 loon.
1047 1272 1232 1334 Lowc
1260 1272 1325 1332 F.
1363 1269 1513 1337 brit.
1550 1271 1678 1336 and
1708 1282 1880 1336 exot.
1916 1274 2049 1338 Vol.
2086 1276 2185 1337 Vl.
2223 1275 2357 1338 tab.
2398 1277 2505 1338 43.

676 1361 685 1367 ’
805 1376 975 1440 Eub.
1034 1376 1098 1438 ln
1128 1376 1312 1439 silvis
1342 1377 1744 1460 rupibusque
1773 1378 1957 1440 siccis
1985 1377 2309 1442 umbrosis
2339 1376 2653 1458 Baderae,
2691 1377 2911 1440 sterile
2937 1376 3113 1439 baud
3143 1377 3246 1438 in-

635 1480 967 1562 frequens,
998 1498 1143 1542 cum
1173 1477 1386 1542 fructu
1415 1480 1652 1560 rarius,
1690 1478 1773 1543 ad
1805 1478 2027 1544 3500':
2062 1482 2135 1543 R.
2171 1481 2253 1545 de
2284 1484 2381 1545 St.
2416 1484 2622 1563 Jorge.
2669 1481 2933 1561 (Bar-ker
2968 1480 3206 1562 Webb).

810 1582 1030 1646 Planta
1072 1583 1537 1664 speciosissima
1557 1632 1573 1663 ,
1631 1601 1798 1646 rara.
1859 1584 2135 1648 Petiolus
2185 1583 2465 1662 nitidus,
2527 1584 2772 1647 inferne
2827 1586 2890 1646 Τ
2913 1583 3244 1647 fasciculos

640 1687 909 1767 maJores
953 1693 1019 1748 et
1058 1685 1398 1749 nonnullos
1442 1687 1717 1749 minores
1761 1687 2195 1769 irregulariter
2233 1687 2559 1770 dispersos
2601 1688 2955 1750 continens.
3037 1689 3246 1750 Paleae

640 1790 976 1868 biformes,
1013 1786 1097 1853 ad
1127 1786 1313 1852 basin
1344 1787 1560 1871 petioli
1593 1789 2006 1872 nigricantes,
2047 1791 2455 1871 lanceolatae‚
2491 1793 2922 1871 acuminatam,
2961 1791 3247 1874 integer-

641 1896 836 1958 rimae
856 1941 872 1974 ,
908 1912 945 1956 e
974 1892 1217 1956 cellulis
1247 1891 1551 1973 elongatis
1580 1893 1998 1974 compositae,
2035 1895 2099 1956 in
2132 1894 2431 1958 racbibus
2461 1894 3247 1959 cordato—ovato-acumi-

642 2009 827 2061 natae
847 2045 863 2073 ,
904 1996 1186 2077 margine
1218 1994 1459 2058 inferne
1489 2014 1679 2076 parce
1712 1995 2124 2078 glandulosae
2154 1996 2197 2059 l.
2235 1997 2637 2079 flagellil'erae
2658 2048 2674 2078 ‚
2713 2019 2750 2062 e
2781 1998 3031 2062 cellulis
3060 1999 3247 2078 poly-

641 2103 853 2181 gonis,
890 2098 1200 2163 brevibus
1233 2098 1557 2161 formatae.
1621 2097 1952 2162 Indusium
1984 2099 2305 2164 interdum
2336 2103 2670 2183 peltatum.
2736 2104 2979 2183 Sporae
3010 2101 3242 2180 ovales,

640 2202 1018 2282 subnigrae,
1054 2200 1385 2265 manifeste
1415 2202 1854 2266 muriculatae.

780 2319 1018 2372 Adnot.
1071 2319 1451 2385 Polysticbum
1487 2320 1808 2374 maderense
1829 2323 1879 2375 J.
1905 2322 2131 2375 Johnson
2164 2322 2222 2373 in
2258 2320 2468 2374 Annas
2503 2322 2612 2374 and
2639 2325 2918 2388 unguine
2957 2323 3248 2379 ornatura!

642 2406 857 2472 history
882 2407 975 2458 111.
1015 2407 1132 2457 Ser.
1162 2407 1281 2458 Vol.
1310 2407 1477 2460 xvu.
1518 2408 1747 2460 London
1774 2412 1908 2459 ⁴⁸00
1936 2422 1988 2475 p.
2020 2411 2120 2461 28⁸1
2138 2411 2316 2461 -288
2354 2412 2444 2462 est
2478 2410 2790 2463 secundum
2825 2411 2894 2463 cl.
2924 2413 3110 2465 neore
3134 2424 3246 2464 var.

643 2492 1035 2561 subbipinnata
1058 2492 1269 2561 Aspidli
1295 2492 1573 2547 falcinelli.
1624 2496 1938 2562 specimina
1963 2508 2069 2546 non
2096 2494 2226 2545 vidi.

819 2597 923 2663 la.
988 2597 1333 2680 cystopterle
1373 2598 1729 2662 Bernhardi
1769 2601 1849 2662 in
1897 2597 2230 2662 Schrad.
2281 2617 2453 2662 neu.
2502 2604 2770 2665 Journ.
2807 2606 2975 2667 Bot.
3039 2601 3240 2686 (1806)

642 2703 690 2765 1.
725 2702 864 2765 Tbl.
898 2703 968 2764 11.
1007 2702 1159 2764 526.
1182 2735 1261 2748 —
1293 2699 1480 2764 Hook.
1511 2701 1670 2767 Gen.
1700 2702 1788 2766 fil.
1822 2703 1929 2765 52.
1958 2705 2027 2766 B.
2058 2737 2145 2749 —
2174 2704 2381 2767 Hoore
2410 2701 2550 2766 lnd.
2586 2706 2674 2768 fil.
2711 2707 2803 2769 Pl.
2837 2709 2944 2770 73.
2977 2739 3059 2753 ——
3087 2705 3253 2768 Presl

647 2807 824 2868 Tent.
862 2802 1100 2867 Pterid.
1139 2807 1209 2868 T.
1248 2807 1342 2870 111.
1383 2805 1425 2868 f.
1469 2807 1530 2869 l.

818 2909 1015 2970 Sorus
1046 2906 1349 2987 dorsalis,
1396 2907 1719 2978 indusium
1753 2909 2024 2972 inferum
2048 2956 2064 2987 ,
2116 2905 2555 2991 dimidiatum,
2604 2912 2778 2974 intus
2811 2911 2891 2974 ad
2924 2911 3117 2975 basin
3147 2930 3254 2973 re-

645 3011 952 3095 ceptaculi
985 3010 1324 3091 adnatum,
1376 3011 1722 3075 lateraliter
1762 3022 1827 3075 et
1871 3013 2149 3093 margine
2190 3024 2449 3078 externo
2494 3016 2801 3093 liberum,
2851 3014 3248 3093 fornicatum,

647 3134 859 3179 sorum
892 3123 1132 3197 tegens,
1173 3111 1446 3197 denique
1479 3114 1808 3177 reflexum.
1868 3116 2143 3180 Petiolus
2176 3119 2500 3180 rhizomati
2533 3121 2899 3200 continuus,
2939 3139 3150 3203 usque
3180 3117 3254 3180 ad

644 3219 918 3282 laminae
948 3217 1133 3280 basin
1165 3216 1326 3281 duos
1356 3216 1688 3281 fasciculos
1729 3219 1942 3283 ovales
1973 3222 2345 3300 continens3
2397 3220 2542 3284 folia
2586 3221 2953 3340 conformia.
3021 3225 3256 3306 Sporae

648 3324 802 3386 stria
835 3320 1115 3384 solitaria
1149 3322 1522 3386 instructae.

820 3426 1074 3489 observ.
1142 3423 1354 3488 Genus
1397 3426 1789 3508 Cystopteris
1834 3428 2270 3507 quaestionem
2318 3429 2860 3491 accuratissimam
2904 3427 3252 3493 desiderat.

651 3529 830 3609 Eum,
871 3528 982 3612 qui
1010 3527 1255 3608 species
1285 3537 1579 3591 autorum
1615 3530 1801 3609 hujus
1833 3530 2081 3609 generis
2117 3530 2499 3616 perlustrat,
2551 3532 2831 3613 effugere
2863 3551 2990 3595 non
3023 3543 3257 3615 potest,

648 3651 771 3694 non
818 3648 1088 3713 parvum
1134 3628 1493 3694 dissensum
1554 3630 1633 3696 de
1679 3634 2262 3715 circumscriptione
2305 3633 2478 3717 apud
2521 3644 2777 3697 autores
2821 3653 2987 3698 esse.
3072 3632 3262 3718 Apud

649 3736 729 3798 cl.
766 3736 943 3799 Presl
972 3735 1142 3795 inter
1172 3734 1647 3816 Cystopterides
1679 3735 2046 3817 Asplenium
2082 3736 2456 3818 obovatum,
2496 3735 2828 3819 Aspidium
2860 3741 3262 3823 eriocarpum

649 3847 714 3900 et
745 3837 909 3902 duae
942 3828 1272 3901 Woodsiae
1311 3834 1430 3919 (W.
1467 3838 1694 3902 obtusa
1729 3848 1793 3900 et
1828 3840 1924 3901 W.
1963 3837 2213 3921 vestita)
2252 3786 2693 3905 inveniuntur.

770 3935 1008 4023 Apud
1040 3942 1117 4005 cl.
1157 3942 1269 4005 Fae
1296 3939 1559 4024 Aspidia
1600 3940 2156 4022 Cystopteridibus
2191 3945 2472 4008 immixta
2520 3947 2970 4021 inveniuntur;
3027 3948 3267 4030 Cysto-

649 4045 850 4126 pteris
875 4046 1041 4105 enim
1068 4044 1394 4108 rufescens
1419 4055 1484 4108 et
1501 4046 1569 4110 C.
1601 4046 1998 4125 brevinervis
2013 4048 2148 4124 Fae,
2179 4048 2639 4130 speciminibus
2666 4048 3078 4130 originalibus
3105 4069 3268 4113 exa·-

653 4147 944 4227 minatis‚
995 4165 1065 4209 re
1107 4165 1254 4209 vera
1303 4146 1383 4211 ad
1428 4146 1758 4229 Aspidium
1809 4150 2043 4212 hirtum
2076 4150 2205 4214 Sw.
2256 4153 2617 4233 pertinent,
2667 4150 2821 4214 dum
2867 4154 3271 4235 Cystopteris

652 4250 1072 4313 Dalhousiana
1103 4252 1217 4313 Fee
1244 4251 1429 4312 Mem.
1467 4250 1568 4313 Sc.
1604 4261 1738 4315 nat.
1789 4252 2033 4315 Strasb.
2086 4256 2155 4317 Τ.
2194 4256 2266 4318 V.
2305 4275 2370 4336 p.
2426 4258 2548 4318 408
2590 4251 2635 4336 (4
2655 4252 2801 4336 858)
2851 4274 3077 4319 revera
3127 4258 3270 4318 Hu-

652 4341 821 4418 mata
855 4361 974 4415 est.
1023 4352 1310 4434 (Humata
1341 4352 1546 4415 affinis
1575 4357 1767 4436 Meu„
1818 4356 2177 4438 Microlepia
2211 4356 2419 4420 affinis
2450 4359 2587 4440 Pr„
2628 4358 3023 4440 Cystopteris
3052 4361 3274 4423 affinis

653 4456 813 4540 Fac).
853 4490 936 4504 —-
981 4456 1074 4519 Gl.
1109 4457 1311 4521 Moore
1354 4474 1388 4517 a
1423 4456 1864 4539 Cystopteride
1909 4457 2343 4541 Acrophorum
2388 4461 2698 4543 sejungit,
2752 4480 2939 4543 quem
2974 4465 3272 4545 generice

653 4579 688 4622 a
736 4559 1174 4644 Cystepteride
1225 4581 1350 4625 non
1394 4558 1851 4642 sejungendum
1881 4580 2026 4625 esse
2059 4564 2155 4625 cl.
2210 4564 2525 4627 Menenius
2574 4583 2690 4636 nos
2734 4547 2971 4627 docuit.
3058 4566 3271 4649 (Conl.

654 4664 882 4730 Annal.
918 4666 1075 4728 Mus.
1113 4663 1245 4727 bot.
1283 4662 1487 4746 Lugd.
1535 4664 1668 4726 bat.
1707 4665 1777 4725 Τ.
1820 4665 1866 4728 1.
1902 4684 1969 4746 p.
2010 4667 2120 4729 24⁴
2176 4665 2412 4750 (⁴864.)
2481 4668 2724 4730 Deinde
2755 4668 2832 4730 cl.
2872 4670 3079 4732 neore
3107 4689 3275 4734 cum

657 4767 1017 4853 Acrophoro
1066 4769 1393 4849 conjungit
1423 4771 1756 4833 Humatam
1795 4777 1863 4832 at
1905 4777 2077 4833 certo
2121 4774 2341 4834 contra
2384 4778 2732 4836 mmmmm
2767 4772 2987 4856 Itaque
3027 4791 3281 4839 neces-
