<?xml version="1.0" encoding="UTF-8"?>
<!DOCTYPE html PUBLIC "-//W3C//DTD XHTML 1.0 Transitional//EN"
    "http://www.w3.org/TR/xhtml1/DTD/xhtml1-transitional.dtd">
<html xmlns="http://www.w3.org/1999/xhtml" xml:lang="en" lang="en">
 <head>
  <title>
</title>
<meta http-equiv="Content-Type" content="text/html;charset=utf-8" />
  <meta name='ocr-system' content='tesseract 3.04.00' />
  <meta name='ocr-capabilities' content='ocr_page ocr_carea ocr_par ocr_line ocrx_word'/>
</head>
<body>
  <div class='ocr_page' id='page_1' title='image "./filiceseuropaee01mildgoog_0171.png"; bbox 0 0 3450 5367; ppageno 0'>
   <div class='ocr_carea' id='block_1_1' title="bbox 1372 262 2811 330">
    <p class='ocr_par' dir='ltr' id='par_1_1' title="bbox 1372 262 2811 330">
     <span class='ocr_line' id='line_1_1' title="bbox 1372 262 2811 330; baseline -0.003 0"><span class='ocrx_word' id='word_1_1' title='bbox 1372 264 1654 330; x_wconf 73' lang='lat' dir='ltr'><strong>Onoclea.</strong></span> <span class='ocrx_word' id='word_1_2' title='bbox 2665 262 2811 325; x_wconf 74' lang='lat'><strong>1159</strong></span> 
     </span>
    </p>
   </div>
   <div class='ocr_carea' id='block_1_2' title="bbox 202 433 2839 2070">
    <p class='ocr_par' dir='ltr' id='par_1_2' title="bbox 202 433 2817 1038">
     <span class='ocr_line' id='line_1_2' title="bbox 204 433 2808 523; baseline -0.002 -21"><span class='ocrx_word' id='word_1_3' title='bbox 204 433 548 523; x_wconf 67' lang='lat' dir='ltr'><strong>petiolum,</strong></span> <span class='ocrx_word' id='word_1_4' title='bbox 591 445 919 520; x_wconf 77' lang='lat' dir='ltr'><strong>segmenta</strong></span> <span class='ocrx_word' id='word_1_5' title='bbox 948 440 1022 501; x_wconf 89' lang='lat'><strong>11.</strong></span> <span class='ocrx_word' id='word_1_6' title='bbox 1059 437 1217 500; x_wconf 84' lang='grc' dir='ltr'><strong>Ο..8</strong></span> <span class='ocrx_word' id='word_1_7' title='bbox 1247 469 1331 486; x_wconf 81' lang='lat'><strong>--</strong></span> <span class='ocrx_word' id='word_1_8' title='bbox 1365 437 1443 499; x_wconf 72' lang='lat'><strong>⁴4</strong></span> <span class='ocrx_word' id='word_1_9' title='bbox 1482 438 1629 519; x_wconf 86' lang='lat' dir='ltr'><strong>juga</strong></span> <span class='ocrx_word' id='word_1_10' title='bbox 1663 436 2122 523; x_wconf 75' lang='lat' dir='ltr'><strong>approximate,</strong></span> <span class='ocrx_word' id='word_1_11' title='bbox 2157 444 2347 499; x_wconf 82' lang='lat' dir='ltr'><strong>extus</strong></span> <span class='ocrx_word' id='word_1_12' title='bbox 2375 435 2592 498; x_wconf 82' lang='lat' dir='ltr'><strong>nervis</strong></span> <span class='ocrx_word' id='word_1_13' title='bbox 2620 436 2694 497; x_wconf 83' lang='lat'><strong>11.</strong></span> <span class='ocrx_word' id='word_1_14' title='bbox 2732 436 2808 497; x_wconf 88' lang='lat' dir='ltr'><strong>O.</strong></span> 
     </span>
     <span class='ocr_line' id='line_1_3' title="bbox 202 538 2808 623; baseline -0.002 -19"><span class='ocrx_word' id='word_1_15' title='bbox 202 541 578 623; x_wconf 83' lang='lat' dir='ltr'><strong>bi-trijugis</strong></span> <span class='ocrx_word' id='word_1_16' title='bbox 609 549 677 605; x_wconf 89' lang='lat' dir='ltr'><strong>et</strong></span> <span class='ocrx_word' id='word_1_17' title='bbox 713 560 908 605; x_wconf 83' lang='lat' dir='ltr'><strong>nervo</strong></span> <span class='ocrx_word' id='word_1_18' title='bbox 952 541 1253 622; x_wconf 85' lang='lat' dir='ltr'><strong>primario</strong></span> <span class='ocrx_word' id='word_1_19' title='bbox 1288 549 1565 619; x_wconf 86' lang='lat' dir='ltr'><strong>costata,</strong></span> <span class='ocrx_word' id='word_1_20' title='bbox 1614 539 1833 621; x_wconf 84' lang='lat' dir='ltr'><strong>glabra</strong></span> <span class='ocrx_word' id='word_1_21' title='bbox 1880 540 1922 601; x_wconf 89' lang='lat' dir='ltr'><strong>l.</strong></span> <span class='ocrx_word' id='word_1_22' title='bbox 1971 539 2121 621; x_wconf 83' lang='lat' dir='ltr'><strong>pilis</strong></span> <span class='ocrx_word' id='word_1_23' title='bbox 2160 538 2513 602; x_wconf 84' lang='lat' dir='ltr'><strong>articulatis</strong></span> <span class='ocrx_word' id='word_1_24' title='bbox 2558 538 2808 618; x_wconf 82' lang='lat' dir='ltr'><strong>vestita,</strong></span> 
     </span>
     <span class='ocr_line' id='line_1_4' title="bbox 203 638 2814 718; baseline -0.002 -10"><span class='ocrx_word' id='word_1_25' title='bbox 203 647 412 709; x_wconf 84' lang='lat' dir='ltr'><strong>infimi</strong></span> <span class='ocrx_word' id='word_1_26' title='bbox 442 662 782 709; x_wconf 85' lang='lat' dir='ltr'><strong>nervorum</strong></span> <span class='ocrx_word' id='word_1_27' title='bbox 826 642 1550 718; x_wconf 79' lang='lat' dir='ltr'><strong>ultimoruminterdum</strong></span> <span class='ocrx_word' id='word_1_28' title='bbox 1598 642 1824 705; x_wconf 75' lang='lat' dir='ltr'><strong>furcati</strong></span> <span class='ocrx_word' id='word_1_29' title='bbox 1854 650 1920 704; x_wconf 88' lang='lat' dir='ltr'><strong>et</strong></span> <span class='ocrx_word' id='word_1_30' title='bbox 1961 638 2291 705; x_wconf 84' lang='lat' dir='ltr'><strong>hincinde</strong></span> <span class='ocrx_word' id='word_1_31' title='bbox 2322 659 2535 704; x_wconf 86' lang='lat' dir='ltr'><strong>ramus</strong></span> <span class='ocrx_word' id='word_1_32' title='bbox 2564 641 2814 703; x_wconf 83' lang='lat' dir='ltr'><strong>anticus</strong></span> 
     </span>
     <span class='ocr_line' id='line_1_5' title="bbox 206 744 2809 829; baseline -0.002 -17"><span class='ocrx_word' id='word_1_33' title='bbox 206 769 356 812; x_wconf 90' lang='lat' dir='ltr'><strong>cum</strong></span> <span class='ocrx_word' id='word_1_34' title='bbox 408 768 605 813; x_wconf 81' lang='lat' dir='ltr'><strong>nervo</strong></span> <span class='ocrx_word' id='word_1_35' title='bbox 655 748 982 829; x_wconf 77' lang='lat' dir='ltr'><strong>superiore</strong></span> <span class='ocrx_word' id='word_1_36' title='bbox 1024 748 1297 829; x_wconf 80' lang='lat' dir='ltr'><strong>simplici</strong></span> <span class='ocrx_word' id='word_1_37' title='bbox 1340 754 1793 811; x_wconf 86' lang='lat' dir='ltr'><strong>anastomosat.</strong></span> <span class='ocrx_word' id='word_1_38' title='bbox 1873 746 2218 828; x_wconf 79' lang='lat' dir='ltr'><strong>Sporangia</strong></span> <span class='ocrx_word' id='word_1_39' title='bbox 2263 744 2494 809; x_wconf 84' lang='lat' dir='ltr'><strong>obtuse</strong></span> <span class='ocrx_word' id='word_1_40' title='bbox 2543 746 2809 826; x_wconf 80' lang='lat' dir='ltr'><strong>trigona,</strong></span> 
     </span>
     <span class='ocr_line' id='line_1_6' title="bbox 205 847 2817 932; baseline -0.003 -15"><span class='ocrx_word' id='word_1_41' title='bbox 205 852 491 925; x_wconf 75' lang='lat' dir='ltr'><strong>annulus</strong></span> <span class='ocrx_word' id='word_1_42' title='bbox 530 872 567 915; x_wconf 89' lang='lat' dir='ltr'><strong>e</strong></span> <span class='ocrx_word' id='word_1_43' title='bbox 610 853 859 916; x_wconf 72' lang='lat'><strong>32-34</strong></span> <span class='ocrx_word' id='word_1_44' title='bbox 902 851 1143 915; x_wconf 88' lang='lat' dir='ltr'><strong>cellulis</strong></span> <span class='ocrx_word' id='word_1_45' title='bbox 1188 850 1232 913; x_wconf 88' lang='grc' dir='ltr'><strong>Ι.</strong></span> <span class='ocrx_word' id='word_1_46' title='bbox 1268 849 1674 932; x_wconf 77' lang='lat' dir='ltr'><strong>paucioribus</strong></span> <span class='ocrx_word' id='word_1_47' title='bbox 1712 850 2137 931; x_wconf 84' lang='lat' dir='ltr'><strong>compositus3</strong></span> <span class='ocrx_word' id='word_1_48' title='bbox 2192 865 2420 931; x_wconf 79' lang='lat' dir='ltr'><strong>sperae</strong></span> <span class='ocrx_word' id='word_1_49' title='bbox 2462 847 2817 911; x_wconf 75' lang='lat' dir='ltr'><strong>atroluscae</strong></span> 
     </span>
     <span class='ocr_line' id='line_1_7' title="bbox 206 956 2418 1038; baseline -0.005 -19"><span class='ocrx_word' id='word_1_50' title='bbox 206 956 524 1038; x_wconf 79' lang='lat' dir='ltr'>oblongae</span> <span class='ocrx_word' id='word_1_51' title='bbox 554 973 952 1020; x_wconf 85' lang='lat' dir='ltr'><strong>verrucosae.</strong></span> <span class='ocrx_word' id='word_1_52' title='bbox 994 990 1076 1003; x_wconf 93' lang='grc'>-</span> <span class='ocrx_word' id='word_1_53' title='bbox 2409 1003 2418 1008; x_wconf 85' lang='grc'><strong>.</strong></span> 
     </span>
    </p>

    <p class='ocr_par' dir='ltr' id='par_1_3' title="bbox 295 1052 2737 1141">
     <span class='ocr_line' id='line_1_8' title="bbox 295 1052 2737 1141; baseline -0.003 -18"><span class='ocrx_word' id='word_1_54' title='bbox 295 1078 461 1123; x_wconf 79' lang='lat' dir='ltr'><strong>var.</strong></span> <span class='ocrx_word' id='word_1_55' title='bbox 512 1060 979 1141; x_wconf 87' lang='lat' dir='ltr'><strong>interrupta</strong></span> <span class='ocrx_word' id='word_1_56' title='bbox 1013 1056 1444 1122; x_wconf 68' lang='lat' dir='ltr'><strong>Maoemwwicz</strong></span> <span class='ocrx_word' id='word_1_57' title='bbox 1475 1057 1692 1120; x_wconf 87' lang='lat' dir='ltr'><strong>Prim.</strong></span> <span class='ocrx_word' id='word_1_58' title='bbox 1726 1056 1816 1119; x_wconf 88' lang='lat' dir='ltr'><strong>Fl.</strong></span> <span class='ocrx_word' id='word_1_59' title='bbox 1850 1053 2110 1119; x_wconf 81' lang='lat' dir='ltr'><strong>Amur.</strong></span> <span class='ocrx_word' id='word_1_60' title='bbox 2159 1052 2365 1138; x_wconf 70' lang='grc'><strong>(48459)</strong></span> <span class='ocrx_word' id='word_1_61' title='bbox 2406 1073 2549 1137; x_wconf 83' lang='lat' dir='ltr'><strong>pag.</strong></span> <span class='ocrx_word' id='word_1_62' title='bbox 2589 1055 2737 1119; x_wconf 85' lang='lat'><strong>337.</strong></span> 
     </span>
    </p>

    <p class='ocr_par' dir='ltr' id='par_1_4' title="bbox 208 1159 2811 1330">
     <span class='ocr_line' id='line_1_9' title="bbox 384 1159 2811 1245; baseline -0.002 -18"><span class='ocrx_word' id='word_1_63' title='bbox 384 1162 550 1227; x_wconf 88' lang='lat' dir='ltr'><strong>Folio</strong></span> <span class='ocrx_word' id='word_1_64' title='bbox 581 1160 772 1224; x_wconf 74' lang='lat' dir='ltr'><strong>fertili</strong></span> <span class='ocrx_word' id='word_1_65' title='bbox 796 1161 1013 1226; x_wconf 83' lang='lat' dir='ltr'><strong>sterile</strong></span> <span class='ocrx_word' id='word_1_66' title='bbox 1043 1160 1504 1245; x_wconf 84' lang='lat' dir='ltr'><strong>subaequante,</strong></span> <span class='ocrx_word' id='word_1_67' title='bbox 1536 1160 1882 1243; x_wconf 72' lang='lat' dir='ltr'><strong>segmentis</strong></span> <span class='ocrx_word' id='word_1_68' title='bbox 1905 1159 2238 1240; x_wconf 84' lang='lat' dir='ltr'><strong>elongatis,</strong></span> <span class='ocrx_word' id='word_1_69' title='bbox 2267 1160 2607 1241; x_wconf 77' lang='lat' dir='ltr'><strong>segmentis</strong></span> <span class='ocrx_word' id='word_1_70' title='bbox 2633 1159 2703 1221; x_wconf 85' lang='lat' dir='ltr'><strong>ll.</strong></span> <span class='ocrx_word' id='word_1_71' title='bbox 2734 1160 2811 1221; x_wconf 92' lang='lat' dir='ltr'><strong>O.</strong></span> 
     </span>
     <span class='ocr_line' id='line_1_10' title="bbox 208 1266 846 1330; baseline 0 -2"><span class='ocrx_word' id='word_1_72' title='bbox 208 1266 531 1330; x_wconf 72' lang='lat' dir='ltr'><strong>fertilibus</strong></span> <span class='ocrx_word' id='word_1_73' title='bbox 564 1267 846 1329; x_wconf 86' lang='lat' dir='ltr'><strong>remotis.</strong></span> 
     </span>
    </p>

    <p class='ocr_par' dir='ltr' id='par_1_5' title="bbox 208 1364 2839 2070">
     <span class='ocr_line' id='line_1_11' title="bbox 387 1364 2839 1449; baseline -0 -20"><span class='ocrx_word' id='word_1_74' title='bbox 387 1369 605 1432; x_wconf 76' lang='lat' dir='ltr'><strong>Planta</strong></span> <span class='ocrx_word' id='word_1_75' title='bbox 635 1366 1004 1432; x_wconf 77' lang='lat' dir='ltr'><strong>Amurensis</strong></span> <span class='ocrx_word' id='word_1_76' title='bbox 1032 1367 1287 1431; x_wconf 84' lang='lat' dir='ltr'><strong>excellit</strong></span> <span class='ocrx_word' id='word_1_77' title='bbox 1308 1365 1747 1449; x_wconf 75' lang='lat' dir='ltr'><strong>magnitudine</strong></span> <span class='ocrx_word' id='word_1_78' title='bbox 1776 1374 1839 1430; x_wconf 86' lang='lat' dir='ltr'><strong>et</strong></span> <span class='ocrx_word' id='word_1_79' title='bbox 1867 1365 2182 1430; x_wconf 84' lang='lat' dir='ltr'><strong>sterilium</strong></span> <span class='ocrx_word' id='word_1_80' title='bbox 2205 1374 2272 1429; x_wconf 89' lang='lat' dir='ltr'><strong>et</strong></span> <span class='ocrx_word' id='word_1_81' title='bbox 2299 1365 2599 1429; x_wconf 72' lang='lat' dir='ltr'><strong>fertilium</strong></span> <span class='ocrx_word' id='word_1_82' title='bbox 2631 1364 2839 1428; x_wconf 76' lang='lat' dir='ltr'><strong>solio—-</strong></span> 
     </span>
     <span class='ocr_line' id='line_1_12' title="bbox 209 1466 2815 1555; baseline -0.003 -19"><span class='ocrx_word' id='word_1_83' title='bbox 209 1493 378 1536; x_wconf 86' lang='lat' dir='ltr'><strong>rum.</strong></span> <span class='ocrx_word' id='word_1_84' title='bbox 446 1472 609 1535; x_wconf 84' lang='lat' dir='ltr'><strong>Folia</strong></span> <span class='ocrx_word' id='word_1_85' title='bbox 639 1472 875 1534; x_wconf 87' lang='lat' dir='ltr'><strong>sterilia</strong></span> <span class='ocrx_word' id='word_1_86' title='bbox 909 1469 1393 1553; x_wconf 86' lang='lat' dir='ltr'><strong>ultrabipedalia</strong></span> <span class='ocrx_word' id='word_1_87' title='bbox 1444 1469 1737 1554; x_wconf 78' lang='lat' dir='ltr'><strong>(potiolus</strong></span> <span class='ocrx_word' id='word_1_88' title='bbox 1773 1472 1797 1531; x_wconf 83' lang='lat' dir='ltr'><strong>l</strong></span> <span class='ocrx_word' id='word_1_89' title='bbox 1816 1466 2109 1555; x_wconf 53' lang='grc' dir='ltr'><strong>5ᾖ-44”</strong></span> <span class='ocrx_word' id='word_1_90' title='bbox 2141 1471 2392 1550; x_wconf 61' lang='lat' dir='ltr'><strong>longus»,</strong></span> <span class='ocrx_word' id='word_1_91' title='bbox 2430 1469 2660 1532; x_wconf 83' lang='lat' dir='ltr'><strong>lamina</strong></span> <span class='ocrx_word' id='word_1_92' title='bbox 2695 1466 2815 1530; x_wconf 87' lang='grc'><strong>44”</strong></span> 
     </span>
     <span class='ocr_line' id='line_1_13' title="bbox 211 1565 2818 1658; baseline -0.002 -18"><span class='ocrx_word' id='word_1_93' title='bbox 211 1578 431 1658; x_wconf 82' lang='lat' dir='ltr'><strong>longa,</strong></span> <span class='ocrx_word' id='word_1_94' title='bbox 481 1582 805 1657; x_wconf 84' lang='lat' dir='ltr'><strong>segmenta</strong></span> <span class='ocrx_word' id='word_1_95' title='bbox 848 1574 894 1637; x_wconf 90' lang='lat'><strong>1.</strong></span> <span class='ocrx_word' id='word_1_96' title='bbox 933 1576 1011 1638; x_wconf 93' lang='grc' dir='ltr'><strong>Ο.</strong></span> <span class='ocrx_word' id='word_1_97' title='bbox 1056 1575 1272 1638; x_wconf 85' lang='lat' dir='ltr'><strong>infima</strong></span> <span class='ocrx_word' id='word_1_98' title='bbox 1316 1572 1650 1636; x_wconf 79' lang='lat' dir='ltr'><strong>manifeste</strong></span> <span class='ocrx_word' id='word_1_99' title='bbox 1679 1572 1980 1654; x_wconf 82' lang='lat' dir='ltr'><strong>petiolata</strong></span> <span class='ocrx_word' id='word_1_100' title='bbox 2029 1572 2158 1635; x_wconf 77' lang='lat' dir='ltr'><strong>iere</strong></span> <span class='ocrx_word' id='word_1_101' title='bbox 2191 1570 2271 1635; x_wconf 74' lang='grc' dir='ltr'><strong>δ”</strong></span> <span class='ocrx_word' id='word_1_102' title='bbox 2313 1572 2496 1654; x_wconf 81' lang='lat' dir='ltr'><strong>longa</strong></span> <span class='ocrx_word' id='word_1_103' title='bbox 2530 1565 2818 1655; x_wconf 84' lang='lat' dir='ltr'><strong>pinnati-</strong></span> 
     </span>
     <span class='ocr_line' id='line_1_14' title="bbox 211 1663 2818 1765; baseline -0.002 -22"><span class='ocrx_word' id='word_1_104' title='bbox 211 1681 379 1765; x_wconf 82' lang='lat' dir='ltr'><strong>loba)</strong></span> <span class='ocrx_word' id='word_1_105' title='bbox 418 1680 563 1743; x_wconf 80' lang='lat' dir='ltr'><strong>folia</strong></span> <span class='ocrx_word' id='word_1_106' title='bbox 603 1678 833 1743; x_wconf 75' lang='lat' dir='ltr'><strong>fertilia</strong></span> <span class='ocrx_word' id='word_1_107' title='bbox 883 1674 1027 1738; x_wconf 85' lang='grc'><strong>4’9”</strong></span> <span class='ocrx_word' id='word_1_108' title='bbox 1057 1678 1243 1760; x_wconf 87' lang='lat' dir='ltr'><strong>longa</strong></span> <span class='ocrx_word' id='word_1_109' title='bbox 1281 1676 1576 1761; x_wconf 79' lang='lat' dir='ltr'><strong>(potiolus</strong></span> <span class='ocrx_word' id='word_1_110' title='bbox 1624 1674 1768 1742; x_wconf 73' lang='grc'><strong>4’2”</strong></span> <span class='ocrx_word' id='word_1_111' title='bbox 1800 1676 2034 1739; x_wconf 88' lang='lat' dir='ltr'><strong>lamina</strong></span> <span class='ocrx_word' id='word_1_112' title='bbox 2066 1663 2194 1758; x_wconf 79' lang='lat'>7&#39;&#39;)&#39;</span> <span class='ocrx_word' id='word_1_113' title='bbox 2222 1685 2545 1757; x_wconf 85' lang='lat' dir='ltr'><strong>segmenta</strong></span> <span class='ocrx_word' id='word_1_114' title='bbox 2588 1673 2818 1737; x_wconf 77' lang='lat' dir='ltr'><strong>fertilia</strong></span> 
     </span>
     <span class='ocr_line' id='line_1_15' title="bbox 210 1775 2821 1866; baseline -0.003 -18"><span class='ocrx_word' id='word_1_115' title='bbox 210 1788 262 1849; x_wconf 87' lang='lat'><strong>1.</strong></span> <span class='ocrx_word' id='word_1_116' title='bbox 302 1787 377 1848; x_wconf 92' lang='grc' dir='ltr'><strong>Ο.</strong></span> <span class='ocrx_word' id='word_1_117' title='bbox 418 1785 497 1849; x_wconf 74' lang='grc'><strong>42</strong></span> <span class='ocrx_word' id='word_1_118' title='bbox 523 1784 698 1864; x_wconf 85' lang='lat' dir='ltr'><strong>juga,</strong></span> <span class='ocrx_word' id='word_1_119' title='bbox 745 1780 957 1844; x_wconf 82' lang='lat' dir='ltr'><strong>infima</strong></span> <span class='ocrx_word' id='word_1_120' title='bbox 993 1778 1117 1866; x_wconf 47' lang='grc' dir='ltr'><strong>ΒΨ</strong></span> <span class='ocrx_word' id='word_1_121' title='bbox 1150 1781 1334 1863; x_wconf 86' lang='lat' dir='ltr'><strong>longa</strong></span> <span class='ocrx_word' id='word_1_122' title='bbox 1368 1782 1715 1862; x_wconf 83' lang='lat' dir='ltr'><strong>segmentis</strong></span> <span class='ocrx_word' id='word_1_123' title='bbox 1748 1778 2028 1860; x_wconf 82' lang='lat' dir='ltr'><strong>globosis</strong></span> <span class='ocrx_word' id='word_1_124' title='bbox 2061 1779 2270 1842; x_wconf 72' lang='grc'><strong>9-42</strong></span> <span class='ocrx_word' id='word_1_125' title='bbox 2297 1779 2466 1858; x_wconf 80' lang='lat' dir='ltr'><strong>jugis</strong></span> <span class='ocrx_word' id='word_1_126' title='bbox 2497 1775 2821 1842; x_wconf 78' lang='lat' dir='ltr'><strong>secunda-</strong></span> 
     </span>
     <span class='ocr_line' id='line_1_16' title="bbox 208 1878 2816 1967; baseline -0.003 -18"><span class='ocrx_word' id='word_1_127' title='bbox 208 1888 329 1950; x_wconf 79' lang='lat' dir='ltr'><strong>riis</strong></span> <span class='ocrx_word' id='word_1_128' title='bbox 378 1889 709 1950; x_wconf 85' lang='lat' dir='ltr'><strong>instructa.</strong></span> <span class='ocrx_word' id='word_1_129' title='bbox 789 1885 1181 1948; x_wconf 77' lang='lat' dir='ltr'><strong>Manchuria:</strong></span> <span class='ocrx_word' id='word_1_130' title='bbox 1239 1883 1623 1965; x_wconf 85' lang='lat' dir='ltr'><strong>Lungatschi</strong></span> <span class='ocrx_word' id='word_1_131' title='bbox 1682 1879 1945 1967; x_wconf 76' lang='lat' dir='ltr'><strong>(Maaclc)</strong></span> <span class='ocrx_word' id='word_1_132' title='bbox 1973 1901 1987 1961; x_wconf 82' lang='lat'>3</span> <span class='ocrx_word' id='word_1_133' title='bbox 2046 1878 2280 1944; x_wconf 79' lang='lat' dir='ltr'><strong>Abderi</strong></span> <span class='ocrx_word' id='word_1_134' title='bbox 2340 1879 2554 1966; x_wconf 86' lang='lat' dir='ltr'><strong>(idem)</strong></span> <span class='ocrx_word' id='word_1_135' title='bbox 2582 1900 2597 1961; x_wconf 88' lang='lat'>;</span> <span class='ocrx_word' id='word_1_136' title='bbox 2655 1880 2816 1943; x_wconf 80' lang='lat' dir='ltr'><strong>infra</strong></span> 
     </span>
     <span class='ocr_line' id='line_1_17' title="bbox 208 1982 2817 2070; baseline -0.003 -16"><span class='ocrx_word' id='word_1_137' title='bbox 208 1988 511 2054; x_wconf 81' lang='lat' dir='ltr'><strong>Buldschi</strong></span> <span class='ocrx_word' id='word_1_138' title='bbox 548 1988 684 2070; x_wconf 85' lang='lat' dir='ltr'><strong>(id.)</strong></span> <span class='ocrx_word' id='word_1_139' title='bbox 714 2009 728 2068; x_wconf 90' lang='grc'><strong>;</strong></span> <span class='ocrx_word' id='word_1_140' title='bbox 766 2003 959 2069; x_wconf 83' lang='lat' dir='ltr'><strong>supra</strong></span> <span class='ocrx_word' id='word_1_141' title='bbox 994 1990 1224 2051; x_wconf 88' lang='lat' dir='ltr'><strong>ostium</strong></span> <span class='ocrx_word' id='word_1_142' title='bbox 1258 1989 1479 2067; x_wconf 88' lang='lat' dir='ltr'><strong>Bureja</strong></span> <span class='ocrx_word' id='word_1_143' title='bbox 1511 1988 1688 2049; x_wconf 88' lang='lat' dir='ltr'><strong>Terr.</strong></span> <span class='ocrx_word' id='word_1_144' title='bbox 1726 1984 1948 2048; x_wconf 84' lang='lat' dir='ltr'><strong>Amur.</strong></span> <span class='ocrx_word' id='word_1_145' title='bbox 1995 1982 2531 2069; x_wconf 73' lang='lat' dir='ltr'><strong>(Maoeimcwicz);</strong></span> <span class='ocrx_word' id='word_1_146' title='bbox 2568 1984 2817 2048; x_wconf 87' lang='lat' dir='ltr'><strong>Dschau</strong></span> 
     </span>
    </p>
   </div>
   <div class='ocr_carea' id='block_1_3' title="bbox 219 2089 1037 2204">
    <p class='ocr_par' dir='ltr' id='par_1_6' title="bbox 219 2089 1037 2204">
     <span class='ocr_line' id='line_1_18' title="bbox 219 2089 1037 2204; baseline -0.006 -48"><span class='ocrx_word' id='word_1_147' title='bbox 219 2091 401 2179; x_wconf 65' lang='lat' dir='ltr'><strong>(sa.);</strong></span> <span class='ocrx_word' id='word_1_148' title='bbox 441 2093 740 2174; x_wconf 71' lang='lat' dir='ltr'><strong>chungar</strong></span> <span class='ocrx_word' id='word_1_149' title='bbox 779 2089 942 2176; x_wconf 64' lang='lat' dir='ltr'><strong>(ia).</strong></span> <span class='ocrx_word' id='word_1_150' title='bbox 1030 2197 1037 2204; x_wconf 77' lang='lat'><strong>.</strong></span> 
     </span>
    </p>
   </div>
   <div class='ocr_carea' id='block_1_4' title="bbox 1084 2262 1946 2345">
    <p class='ocr_par' dir='ltr' id='par_1_7' title="bbox 1084 2262 1946 2345">
     <span class='ocr_line' id='line_1_19' title="bbox 1084 2262 1946 2345; baseline 0.005 -22"><span class='ocrx_word' id='word_1_151' title='bbox 1084 2262 1493 2327; x_wconf 72' lang='lat' dir='ltr'><strong>variationes</strong></span> <span class='ocrx_word' id='word_1_152' title='bbox 1522 2268 1946 2345; x_wconf 73' lang='lat' dir='ltr'><strong>monstrosae.</strong></span> 
     </span>
    </p>
   </div>
   <div class='ocr_carea' id='block_1_5' title="bbox 212 2380 2815 2570">
    <p class='ocr_par' dir='ltr' id='par_1_8' title="bbox 212 2380 2815 2570">
     <span class='ocr_line' id='line_1_20' title="bbox 358 2380 2815 2469; baseline -0.003 -19.902"><span class='ocrx_word' id='word_1_153' title='bbox 358 2383 690 2469; x_wconf 52' lang='lat' dir='ltr'><strong>(Onoclea</strong></span> <span class='ocrx_word' id='word_1_154' title='bbox 737 2380 1165 2445; x_wconf 83' lang='lat' dir='ltr'><strong>obtusilobata</strong></span> <span class='ocrx_word' id='word_1_155' title='bbox 1211 2383 1491 2447; x_wconf 71' lang='lat' dir='ltr'><strong>schleuhr</strong></span> <span class='ocrx_word' id='word_1_156' title='bbox 1532 2392 1580 2446; x_wconf 90' lang='lat' dir='ltr'><strong>t.</strong></span> <span class='ocrx_word' id='word_1_157' title='bbox 1636 2386 1785 2448; x_wconf 85' lang='grc'><strong>403.</strong></span> <span class='ocrx_word' id='word_1_158' title='bbox 1837 2418 1923 2434; x_wconf 90' lang='lat'><strong>—-</strong></span> <span class='ocrx_word' id='word_1_159' title='bbox 1973 2382 2367 2464; x_wconf 78' lang='lat' dir='ltr'><strong>Ragiopteris</strong></span> <span class='ocrx_word' id='word_1_160' title='bbox 2419 2383 2594 2446; x_wconf 81' lang='lat' dir='ltr'><strong>Presl</strong></span> <span class='ocrx_word' id='word_1_161' title='bbox 2635 2381 2815 2446; x_wconf 82' lang='lat' dir='ltr'><strong>Tent.</strong></span> 
     </span>
     <span class='ocr_line' id='line_1_21' title="bbox 212 2483 2810 2570; baseline -0.002 -18"><span class='ocrx_word' id='word_1_162' title='bbox 212 2487 450 2554; x_wconf 83' lang='lat' dir='ltr'><strong>Pterid.</strong></span> <span class='ocrx_word' id='word_1_163' title='bbox 485 2506 630 2570; x_wconf 84' lang='lat' dir='ltr'><strong>pag.</strong></span> <span class='ocrx_word' id='word_1_164' title='bbox 667 2489 755 2550; x_wconf 80' lang='lat'><strong>95</strong></span> <span class='ocrx_word' id='word_1_165' title='bbox 780 2486 912 2550; x_wconf 86' lang='lat' dir='ltr'><strong>tab.</strong></span> <span class='ocrx_word' id='word_1_166' title='bbox 949 2487 1049 2549; x_wconf 86' lang='grc' dir='ltr'><strong>ΙΙΙ.</strong></span> <span class='ocrx_word' id='word_1_167' title='bbox 1086 2484 1130 2548; x_wconf 79' lang='lat' dir='ltr'><strong>f.</strong></span> <span class='ocrx_word' id='word_1_168' title='bbox 1170 2489 1232 2548; x_wconf 83' lang='lat'><strong>9.</strong></span> <span class='ocrx_word' id='word_1_169' title='bbox 1273 2488 1404 2566; x_wconf 87' lang='grc'><strong>40.,</strong></span> <span class='ocrx_word' id='word_1_170' title='bbox 1452 2487 1724 2549; x_wconf 90' lang='lat' dir='ltr'><strong>Onoclea</strong></span> <span class='ocrx_word' id='word_1_171' title='bbox 1757 2503 2107 2568; x_wconf 70' lang='lat' dir='ltr'><strong>augescens</strong></span> <span class='ocrx_word' id='word_1_172' title='bbox 2135 2484 2295 2549; x_wconf 77' lang='lat' dir='ltr'><strong>Link</strong></span> <span class='ocrx_word' id='word_1_173' title='bbox 2325 2485 2514 2548; x_wconf 80' lang='lat' dir='ltr'><strong>Herb.</strong></span> <span class='ocrx_word' id='word_1_174' title='bbox 2555 2484 2598 2546; x_wconf 74' lang='lat' dir='ltr'><strong>f.</strong></span> <span class='ocrx_word' id='word_1_175' title='bbox 2635 2504 2690 2547; x_wconf 78' lang='lat' dir='ltr'><strong>s,</strong></span> <span class='ocrx_word' id='word_1_176' title='bbox 2728 2483 2810 2567; x_wconf 94' lang='lat' dir='ltr'><strong>o.)</strong></span> 
     </span>
    </p>
   </div>
   <div class='ocr_carea' id='block_1_6' title="bbox 3431 441 3438 1334">
    <p class='ocr_par' dir='ltr' id='par_1_9' title="bbox 3431 441 3438 1334">
     <span class='ocr_line' id='line_1_22' title="bbox 3431 441 3438 1334; baseline 0 0"><span class='ocrx_word' id='word_1_177' title='bbox 3431 441 3438 1334; x_wconf 95' lang='lat' dir='ltr'><strong> </strong></span> 
     </span>
    </p>
   </div>
   <div class='ocr_carea' id='block_1_7' title="bbox 391 2585 2916 2671">
    <p class='ocr_par' dir='ltr' id='par_1_10' title="bbox 391 2585 2916 2671">
     <span class='ocr_line' id='line_1_23' title="bbox 391 2585 2916 2671; baseline -0.002 -16"><span class='ocrx_word' id='word_1_178' title='bbox 391 2590 485 2655; x_wconf 86' lang='lat' dir='ltr'><strong>Cl.</strong></span> <span class='ocrx_word' id='word_1_179' title='bbox 524 2589 805 2653; x_wconf 75' lang='lat' dir='ltr'><strong>Schkuhr</strong></span> <span class='ocrx_word' id='word_1_180' title='bbox 834 2588 877 2650; x_wconf 91' lang='lat' dir='ltr'><strong>l.</strong></span> <span class='ocrx_word' id='word_1_181' title='bbox 915 2607 970 2651; x_wconf 94' lang='lat' dir='ltr'><strong>c.</strong></span> <span class='ocrx_word' id='word_1_182' title='bbox 1011 2588 1349 2651; x_wconf 88' lang='lat' dir='ltr'><strong>Onocleam</strong></span> <span class='ocrx_word' id='word_1_183' title='bbox 1374 2588 1864 2656; x_wconf 88' lang='lat' dir='ltr'><strong>obtusilobatam</strong></span> <span class='ocrx_word' id='word_1_184' title='bbox 1890 2587 2198 2654; x_wconf 79' lang='lat' dir='ltr'><strong>describit</strong></span> <span class='ocrx_word' id='word_1_185' title='bbox 2227 2596 2292 2651; x_wconf 89' lang='lat' dir='ltr'><strong>et</strong></span> <span class='ocrx_word' id='word_1_186' title='bbox 2316 2585 2617 2671; x_wconf 84' lang='lat' dir='ltr'><strong>depingit,</strong></span> <span class='ocrx_word' id='word_1_187' title='bbox 2658 2607 2820 2667; x_wconf 85' lang='lat' dir='ltr'><strong>quae</strong></span> <span class='ocrx_word' id='word_1_188' title='bbox 2911 2654 2916 2658; x_wconf 66' lang='grc'>,</span> 
     </span>
    </p>
   </div>
   <div class='ocr_carea' id='block_1_8' title="bbox 209 2687 2823 4854">
    <p class='ocr_par' dir='ltr' id='par_1_11' title="bbox 211 2687 2822 3501">
     <span class='ocr_line' id='line_1_24' title="bbox 213 2687 2821 2777; baseline -0.001 -20"><span class='ocrx_word' id='word_1_189' title='bbox 213 2694 304 2768; x_wconf 75' lang='lat' dir='ltr'><strong>ab</strong></span> <span class='ocrx_word' id='word_1_190' title='bbox 333 2694 410 2756; x_wconf 88' lang='lat'><strong>0.</strong></span> <span class='ocrx_word' id='word_1_191' title='bbox 448 2691 735 2758; x_wconf 87' lang='lat' dir='ltr'><strong>sensibili</strong></span> <span class='ocrx_word' id='word_1_192' title='bbox 767 2692 1022 2755; x_wconf 82' lang='lat' dir='ltr'><strong>differre</strong></span> <span class='ocrx_word' id='word_1_193' title='bbox 1066 2687 1300 2754; x_wconf 87' lang='lat' dir='ltr'><strong>dicitur</strong></span> <span class='ocrx_word' id='word_1_194' title='bbox 1342 2693 1553 2773; x_wconf 89' lang='lat' dir='ltr'><strong>pinnis</strong></span> <span class='ocrx_word' id='word_1_195' title='bbox 1609 2690 1976 2777; x_wconf 84' lang='lat' dir='ltr'><strong>(sterilibus)</strong></span> <span class='ocrx_word' id='word_1_196' title='bbox 2028 2691 2333 2773; x_wconf 84' lang='lat' dir='ltr'><strong>oppositis</strong></span> <span class='ocrx_word' id='word_1_197' title='bbox 2375 2691 2821 2756; x_wconf 88' lang='lat' dir='ltr'><strong>oblanceolatis</strong></span> 
     </span>
     <span class='ocr_line' id='line_1_25' title="bbox 213 2792 2817 2878; baseline -0 -20"><span class='ocrx_word' id='word_1_198' title='bbox 213 2794 614 2878; x_wconf 84' lang='lat' dir='ltr'><strong>pinnatifidis</strong></span> <span class='ocrx_word' id='word_1_199' title='bbox 655 2793 1172 2876; x_wconf 62' lang='lat' dir='ltr'><strong>Iolao-rotundis,</strong></span> <span class='ocrx_word' id='word_1_200' title='bbox 1228 2794 1663 2876; x_wconf 86' lang='lat' dir='ltr'><strong>superioribus</strong></span> <span class='ocrx_word' id='word_1_201' title='bbox 1703 2794 2235 2872; x_wconf 78' lang='lat' dir='ltr'><strong>subcoadunatis3</strong></span> <span class='ocrx_word' id='word_1_202' title='bbox 2287 2792 2817 2858; x_wconf 80' lang='lat' dir='ltr'><strong>fructificantibus</strong></span> 
     </span>
     <span class='ocr_line' id='line_1_26' title="bbox 211 2896 2821 2983; baseline -0.001 -20"><span class='ocrx_word' id='word_1_203' title='bbox 211 2900 600 2983; x_wconf 75' lang='lat' dir='ltr'><strong>bipinnatiS,</strong></span> <span class='ocrx_word' id='word_1_204' title='bbox 649 2897 933 2980; x_wconf 89' lang='lat' dir='ltr'><strong>pinnulis</strong></span> <span class='ocrx_word' id='word_1_205' title='bbox 965 2898 1185 2961; x_wconf 90' lang='lat' dir='ltr'><strong>incisis</strong></span> <span class='ocrx_word' id='word_1_206' title='bbox 1215 2899 1866 2980; x_wconf 84' lang='lat' dir='ltr'><strong>recurvato-globosis</strong></span> <span class='ocrx_word' id='word_1_207' title='bbox 1893 2898 2168 2976; x_wconf 77' lang='lat' dir='ltr'><strong>villosis3</strong></span> <span class='ocrx_word' id='word_1_208' title='bbox 2217 2897 2389 2962; x_wconf 87' lang='lat' dir='ltr'><strong>rachi</strong></span> <span class='ocrx_word' id='word_1_209' title='bbox 2419 2896 2702 2978; x_wconf 80' lang='lat' dir='ltr'><strong>globosa.</strong></span> <span class='ocrx_word' id='word_1_210' title='bbox 2735 2929 2821 2946; x_wconf 85' lang='lat'><strong>-·-</strong></span> 
     </span>
     <span class='ocr_line' id='line_1_27' title="bbox 218 2998 2820 3096; baseline -0.002 -30"><span class='ocrx_word' id='word_1_211' title='bbox 218 3000 589 3066; x_wconf 83' lang='lat' dir='ltr'><strong>Secundum</strong></span> <span class='ocrx_word' id='word_1_212' title='bbox 620 3001 957 3083; x_wconf 84' lang='lat' dir='ltr'><strong>imaginem</strong></span> <span class='ocrx_word' id='word_1_213' title='bbox 978 2998 1310 3096; x_wconf 57' lang='lat' dir='ltr'><strong>Schlmhrii</strong></span> <span class='ocrx_word' id='word_1_214' title='bbox 1337 3001 1402 3064; x_wconf 91' lang='lat' dir='ltr'><strong>in</strong></span> <span class='ocrx_word' id='word_1_215' title='bbox 1434 3002 1667 3068; x_wconf 88' lang='lat' dir='ltr'><strong>lamina</strong></span> <span class='ocrx_word' id='word_1_216' title='bbox 1697 3004 1898 3070; x_wconf 86' lang='lat' dir='ltr'><strong>sterili</strong></span> <span class='ocrx_word' id='word_1_217' title='bbox 1933 3003 2184 3067; x_wconf 82' lang='lat' dir='ltr'><strong>omnino</strong></span> <span class='ocrx_word' id='word_1_218' title='bbox 2216 2998 2438 3066; x_wconf 83' lang='lat' dir='ltr'><strong>eadem</strong></span> <span class='ocrx_word' id='word_1_219' title='bbox 2469 3000 2820 3064; x_wconf 85' lang='lat' dir='ltr'><strong>reticulatio</strong></span> 
     </span>
     <span class='ocr_line' id='line_1_28' title="bbox 215 3103 2821 3201; baseline -0 -32"><span class='ocrx_word' id='word_1_220' title='bbox 215 3106 539 3201; x_wconf 72' lang='lat' dir='ltr'><strong>invenitur</strong></span> <span class='ocrx_word' id='word_1_221' title='bbox 578 3123 741 3186; x_wconf 88' lang='lat' dir='ltr'><strong>quae</strong></span> <span class='ocrx_word' id='word_1_222' title='bbox 783 3104 848 3166; x_wconf 91' lang='lat' dir='ltr'><strong>in</strong></span> <span class='ocrx_word' id='word_1_223' title='bbox 882 3105 958 3167; x_wconf 90' lang='grc'><strong>0.</strong></span> <span class='ocrx_word' id='word_1_224' title='bbox 996 3103 1551 3188; x_wconf 84' lang='lat' dir='ltr'><strong>Struthiopteride.</strong></span> <span class='ocrx_word' id='word_1_225' title='bbox 1618 3107 1712 3171; x_wconf 86' lang='lat' dir='ltr'><strong>Cl.</strong></span> <span class='ocrx_word' id='word_1_226' title='bbox 1761 3105 1938 3174; x_wconf 68' lang='lat' dir='ltr'><strong>Prest</strong></span> <span class='ocrx_word' id='word_1_227' title='bbox 1978 3107 2042 3169; x_wconf 91' lang='lat' dir='ltr'><strong>in</strong></span> <span class='ocrx_word' id='word_1_228' title='bbox 2083 3106 2252 3172; x_wconf 88' lang='lat' dir='ltr'><strong>hanc</strong></span> <span class='ocrx_word' id='word_1_229' title='bbox 2294 3104 2575 3188; x_wconf 82' lang='lat' dir='ltr'><strong>plantam</strong></span> <span class='ocrx_word' id='word_1_230' title='bbox 2621 3124 2821 3186; x_wconf 83' lang='lat' dir='ltr'><strong>genus</strong></span> 
     </span>
     <span class='ocr_line' id='line_1_29' title="bbox 213 3206 2817 3296; baseline -0.001 -21"><span class='ocrx_word' id='word_1_231' title='bbox 213 3227 409 3276; x_wconf 87' lang='lat' dir='ltr'><strong>suum</strong></span> <span class='ocrx_word' id='word_1_232' title='bbox 461 3207 961 3296; x_wconf 76' lang='lat' dir='ltr'><strong>„Ragiopteris“</strong></span> <span class='ocrx_word' id='word_1_233' title='bbox 1009 3208 1186 3271; x_wconf 85' lang='lat' dir='ltr'><strong>Tent.</strong></span> <span class='ocrx_word' id='word_1_234' title='bbox 1237 3208 1468 3272; x_wconf 86' lang='lat' dir='ltr'><strong>Pterid.</strong></span> <span class='ocrx_word' id='word_1_235' title='bbox 1527 3230 1593 3292; x_wconf 89' lang='lat' dir='ltr'><strong>p.</strong></span> <span class='ocrx_word' id='word_1_236' title='bbox 1645 3213 1726 3276; x_wconf 77' lang='lat'><strong>95</strong></span> <span class='ocrx_word' id='word_1_237' title='bbox 1772 3208 2084 3290; x_wconf 83' lang='lat' dir='ltr'><strong>condidit,</strong></span> <span class='ocrx_word' id='word_1_238' title='bbox 2143 3206 2315 3290; x_wconf 86' lang='lat' dir='ltr'><strong>quod</strong></span> <span class='ocrx_word' id='word_1_239' title='bbox 2367 3210 2622 3271; x_wconf 88' lang='lat' dir='ltr'><strong>omnino</strong></span> <span class='ocrx_word' id='word_1_240' title='bbox 2675 3227 2817 3272; x_wconf 86' lang='lat' dir='ltr'><strong>cum</strong></span> 
     </span>
     <span class='ocr_line' id='line_1_30' title="bbox 217 3309 2822 3396; baseline -0.001 -19"><span class='ocrx_word' id='word_1_241' title='bbox 217 3313 493 3378; x_wconf 89' lang='lat' dir='ltr'><strong>Onoclea</strong></span> <span class='ocrx_word' id='word_1_242' title='bbox 524 3311 859 3376; x_wconf 81' lang='lat' dir='ltr'><strong>conveniat</strong></span> <span class='ocrx_word' id='word_1_243' title='bbox 885 3310 1382 3391; x_wconf 82' lang='lat' dir='ltr'><strong>fructificatione,</strong></span> <span class='ocrx_word' id='word_1_244' title='bbox 1420 3322 1484 3376; x_wconf 88' lang='lat' dir='ltr'><strong>at</strong></span> <span class='ocrx_word' id='word_1_245' title='bbox 1512 3314 1764 3380; x_wconf 87' lang='lat' dir='ltr'><strong>differat</strong></span> <span class='ocrx_word' id='word_1_246' title='bbox 1796 3315 2041 3396; x_wconf 82' lang='lat' dir='ltr'><strong>„venis</strong></span> <span class='ocrx_word' id='word_1_247' title='bbox 2061 3314 2128 3376; x_wconf 90' lang='lat' dir='ltr'><strong>in</strong></span> <span class='ocrx_word' id='word_1_248' title='bbox 2157 3309 2382 3376; x_wconf 77' lang='lat' dir='ltr'><strong>fronde</strong></span> <span class='ocrx_word' id='word_1_249' title='bbox 2409 3311 2614 3380; x_wconf 85' lang='lat' dir='ltr'><strong>sterili</strong></span> <span class='ocrx_word' id='word_1_250' title='bbox 2644 3331 2822 3374; x_wconf 87' lang='lat' dir='ltr'><strong>nun—</strong></span> 
     </span>
     <span class='ocr_line' id='line_1_31' title="bbox 214 3414 2100 3501; baseline -0.002 -20"><span class='ocrx_word' id='word_1_251' title='bbox 214 3436 415 3501; x_wconf 85' lang='lat' dir='ltr'><strong>quam</strong></span> <span class='ocrx_word' id='word_1_252' title='bbox 444 3415 509 3478; x_wconf 90' lang='lat' dir='ltr'><strong>in</strong></span> <span class='ocrx_word' id='word_1_253' title='bbox 540 3415 822 3478; x_wconf 89' lang='lat' dir='ltr'><strong>maculas</strong></span> <span class='ocrx_word' id='word_1_254' title='bbox 851 3414 1350 3495; x_wconf 79' lang='lat' dir='ltr'><strong>confluentibuS‚</strong></span> <span class='ocrx_word' id='word_1_255' title='bbox 1403 3414 1516 3480; x_wconf 88' lang='lat' dir='ltr'><strong>sed</strong></span> <span class='ocrx_word' id='word_1_256' title='bbox 1548 3416 1896 3481; x_wconf 69' lang='lat' dir='ltr'><strong>turcatis.“</strong></span> <span class='ocrx_word' id='word_1_257' title='bbox 2093 3431 2100 3435; x_wconf 80' lang='grc'><em>·</em></span> 
     </span>
    </p>

    <p class='ocr_par' dir='ltr' id='par_1_12' title="bbox 209 3517 2822 4016">
     <span class='ocr_line' id='line_1_32' title="bbox 395 3517 2822 3604; baseline -0 -22"><span class='ocrx_word' id='word_1_258' title='bbox 395 3518 489 3582; x_wconf 88' lang='lat' dir='ltr'><strong>Gl.</strong></span> <span class='ocrx_word' id='word_1_259' title='bbox 525 3520 733 3582; x_wconf 77' lang='lat' dir='ltr'><strong>Kunze</strong></span> <span class='ocrx_word' id='word_1_260' title='bbox 772 3519 838 3582; x_wconf 85' lang='lat' dir='ltr'><strong>in</strong></span> <span class='ocrx_word' id='word_1_261' title='bbox 882 3517 1106 3580; x_wconf 90' lang='lat' dir='ltr'><strong>Sillim.</strong></span> <span class='ocrx_word' id='word_1_262' title='bbox 1143 3517 1427 3603; x_wconf 66' lang='lat' dir='ltr'><strong>{Americ.</strong></span> <span class='ocrx_word' id='word_1_263' title='bbox 1462 3523 1677 3583; x_wconf 84' lang='lat' dir='ltr'><strong>Journ.</strong></span> <span class='ocrx_word' id='word_1_264' title='bbox 1738 3518 1943 3604; x_wconf 76' lang='grc'><strong>(4848)</strong></span> <span class='ocrx_word' id='word_1_265' title='bbox 1983 3521 2079 3585; x_wconf 86' lang='lat' dir='ltr'><strong>VI.</strong></span> <span class='ocrx_word' id='word_1_266' title='bbox 2117 3540 2183 3602; x_wconf 88' lang='lat' dir='ltr'><strong>p.</strong></span> <span class='ocrx_word' id='word_1_267' title='bbox 2220 3521 2303 3583; x_wconf 76' lang='lat'><strong>85</strong></span> <span class='ocrx_word' id='word_1_268' title='bbox 2344 3517 2536 3599; x_wconf 86' lang='lat' dir='ltr'><strong>dicit,</strong></span> <span class='ocrx_word' id='word_1_269' title='bbox 2581 3537 2822 3584; x_wconf 79' lang='lat' dir='ltr'><strong>sccun—</strong></span> 
     </span>
     <span class='ocr_line' id='line_1_33' title="bbox 215 3619 2821 3706; baseline -0 -21"><span class='ocrx_word' id='word_1_270' title='bbox 215 3621 375 3685; x_wconf 89' lang='lat' dir='ltr'><strong>dum</strong></span> <span class='ocrx_word' id='word_1_271' title='bbox 407 3620 486 3683; x_wconf 91' lang='lat' dir='ltr'><strong>cl.</strong></span> <span class='ocrx_word' id='word_1_272' title='bbox 517 3620 752 3685; x_wconf 81' lang='lat' dir='ltr'><strong>Hooker</strong></span> <span class='ocrx_word' id='word_1_273' title='bbox 775 3621 1108 3706; x_wconf 84' lang='lat' dir='ltr'><strong>Onocleam</strong></span> <span class='ocrx_word' id='word_1_274' title='bbox 1142 3619 1633 3687; x_wconf 85' lang='lat' dir='ltr'><strong>obtusilobatam</strong></span> <span class='ocrx_word' id='word_1_275' title='bbox 1661 3622 1845 3686; x_wconf 69' lang='lat' dir='ltr'><strong>Seme.</strong></span> <span class='ocrx_word' id='word_1_276' title='bbox 1886 3623 2089 3687; x_wconf 89' lang='lat' dir='ltr'><strong>solum</strong></span> <span class='ocrx_word' id='word_1_277' title='bbox 2115 3625 2488 3688; x_wconf 80' lang='lat' dir='ltr'><strong>varietatem</strong></span> <span class='ocrx_word' id='word_1_278' title='bbox 2512 3622 2821 3686; x_wconf 79' lang='lat' dir='ltr'><strong>Onocleae</strong></span> 
     </span>
     <span class='ocr_line' id='line_1_34' title="bbox 215 3722 2822 3808; baseline -0.002 -19"><span class='ocrx_word' id='word_1_279' title='bbox 215 3722 541 3791; x_wconf 70' lang='lat' dir='ltr'><strong>sensibilis</strong></span> <span class='ocrx_word' id='word_1_280' title='bbox 571 3740 710 3787; x_wconf 90' lang='lat' dir='ltr'><strong>esse</strong></span> <span class='ocrx_word' id='word_1_281' title='bbox 740 3731 808 3788; x_wconf 89' lang='lat' dir='ltr'><strong>et</strong></span> <span class='ocrx_word' id='word_1_282' title='bbox 832 3743 1030 3806; x_wconf 84' lang='lat' dir='ltr'><strong>genus</strong></span> <span class='ocrx_word' id='word_1_283' title='bbox 1065 3726 1511 3808; x_wconf 80' lang='lat' dir='ltr'><strong>„Ragiopteris</strong></span> <span class='ocrx_word' id='word_1_284' title='bbox 1542 3725 1768 3789; x_wconf 59' lang='grc' dir='ltr'><strong>ΡηεπίΗ</strong></span> <span class='ocrx_word' id='word_1_285' title='bbox 1809 3726 2132 3792; x_wconf 85' lang='lat' dir='ltr'><strong>conditum</strong></span> <span class='ocrx_word' id='word_1_286' title='bbox 2162 3743 2304 3790; x_wconf 84' lang='lat' dir='ltr'><strong>esse</strong></span> <span class='ocrx_word' id='word_1_287' title='bbox 2334 3729 2400 3789; x_wconf 92' lang='lat' dir='ltr'><strong>in</strong></span> <span class='ocrx_word' id='word_1_288' title='bbox 2440 3725 2606 3789; x_wconf 81' lang='lat' dir='ltr'><strong>foliis</strong></span> <span class='ocrx_word' id='word_1_289' title='bbox 2635 3725 2822 3787; x_wconf 80' lang='lat' dir='ltr'><strong>ferti-</strong></span> 
     </span>
     <span class='ocr_line' id='line_1_35' title="bbox 214 3825 2820 3911; baseline 0.001 -20"><span class='ocrx_word' id='word_1_290' title='bbox 214 3828 395 3894; x_wconf 74' lang='lat' dir='ltr'><strong>libus</strong></span> <span class='ocrx_word' id='word_1_291' title='bbox 408 3827 719 3894; x_wconf 86' lang='lat' dir='ltr'><strong>Onocleae</strong></span> <span class='ocrx_word' id='word_1_292' title='bbox 743 3825 1064 3892; x_wconf 78' lang='lat' dir='ltr'><strong>sensibilis</strong></span> <span class='ocrx_word' id='word_1_293' title='bbox 1090 3830 1304 3894; x_wconf 79' lang='lat' dir='ltr'><strong>mixtis</strong></span> <span class='ocrx_word' id='word_1_294' title='bbox 1319 3847 1467 3892; x_wconf 89' lang='lat' dir='ltr'><strong>cum</strong></span> <span class='ocrx_word' id='word_1_295' title='bbox 1495 3827 1660 3892; x_wconf 85' lang='lat' dir='ltr'><strong>foliis</strong></span> <span class='ocrx_word' id='word_1_296' title='bbox 1692 3828 2018 3893; x_wconf 83' lang='lat' dir='ltr'><strong>sterilibus</strong></span> <span class='ocrx_word' id='word_1_297' title='bbox 2036 3826 2284 3911; x_wconf 84' lang='lat' dir='ltr'><strong>Aspidii</strong></span> <span class='ocrx_word' id='word_1_298' title='bbox 2307 3829 2620 3909; x_wconf 74' lang='lat' dir='ltr'><strong>alicujus..</strong></span> <span class='ocrx_word' id='word_1_299' title='bbox 2648 3826 2820 3898; x_wconf 83' lang='lat' dir='ltr'><strong>Idem</strong></span> 
     </span>
     <span class='ocr_line' id='line_1_36' title="bbox 209 3928 2535 4016; baseline 0 -20"><span class='ocrx_word' id='word_1_300' title='bbox 209 3934 351 4013; x_wconf 81' lang='lat' dir='ltr'><strong>jam</strong></span> <span class='ocrx_word' id='word_1_301' title='bbox 376 3929 784 3996; x_wconf 81' lang='lat' dir='ltr'><strong>contenditur</strong></span> <span class='ocrx_word' id='word_1_302' title='bbox 814 3931 877 3993; x_wconf 93' lang='lat' dir='ltr'><strong>in</strong></span> <span class='ocrx_word' id='word_1_303' title='bbox 909 3930 1239 3996; x_wconf 80' lang='lat' dir='ltr'><strong>volumine</strong></span> <span class='ocrx_word' id='word_1_304' title='bbox 1271 3933 1545 3996; x_wconf 83' lang='lat' dir='ltr'><strong>XXXIX.</strong></span> <span class='ocrx_word' id='word_1_305' title='bbox 1591 3929 1639 4014; x_wconf 92' lang='grc'><strong>(4</strong></span> <span class='ocrx_word' id='word_1_306' title='bbox 1658 3928 1802 4014; x_wconf 74' lang='lat'>840)</span> <span class='ocrx_word' id='word_1_307' title='bbox 1846 3932 1993 3995; x_wconf 79' lang='grc'><strong>475.</strong></span> <span class='ocrx_word' id='word_1_308' title='bbox 2039 3952 2080 3998; x_wconf 79' lang='lat' dir='ltr'><strong>a</strong></span> <span class='ocrx_word' id='word_1_309' title='bbox 2111 3931 2194 3996; x_wconf 84' lang='lat' dir='ltr'><strong>cl.</strong></span> <span class='ocrx_word' id='word_1_310' title='bbox 2229 3929 2303 3995; x_wconf 84' lang='lat' dir='ltr'><strong>A.</strong></span> <span class='ocrx_word' id='word_1_311' title='bbox 2345 3932 2535 4016; x_wconf 58' lang='grc' dir='ltr'><strong>(ἕνας.</strong></span> 
     </span>
    </p>

    <p class='ocr_par' dir='ltr' id='par_1_13' title="bbox 216 4031 2823 4327">
     <span class='ocr_line' id='line_1_37' title="bbox 393 4031 2819 4119; baseline 0.002 -22"><span class='ocrx_word' id='word_1_312' title='bbox 393 4034 487 4097; x_wconf 85' lang='lat' dir='ltr'><strong>Gl.</strong></span> <span class='ocrx_word' id='word_1_313' title='bbox 519 4035 629 4097; x_wconf 68' lang='lat' dir='ltr'><strong>Fee</strong></span> <span class='ocrx_word' id='word_1_314' title='bbox 663 4031 923 4116; x_wconf 85' lang='lat' dir='ltr'><strong>(Genera</strong></span> <span class='ocrx_word' id='word_1_315' title='bbox 949 4035 1183 4099; x_wconf 81' lang='lat' dir='ltr'><strong>filicum</strong></span> <span class='ocrx_word' id='word_1_316' title='bbox 1210 4036 1373 4098; x_wconf 69' lang='lat'>⁴850</span> <span class='ocrx_word' id='word_1_317' title='bbox 1406 4054 1545 4118; x_wconf 86' lang='lat' dir='ltr'><strong>pag.</strong></span> <span class='ocrx_word' id='word_1_318' title='bbox 1572 4034 1720 4119; x_wconf 79' lang='lat'>358)</span> <span class='ocrx_word' id='word_1_319' title='bbox 1759 4054 1873 4102; x_wconf 85' lang='lat' dir='ltr'><strong>nos</strong></span> <span class='ocrx_word' id='word_1_320' title='bbox 1891 4033 2098 4117; x_wconf 87' lang='lat' dir='ltr'><strong>docet,</strong></span> <span class='ocrx_word' id='word_1_321' title='bbox 2136 4036 2222 4099; x_wconf 86' lang='lat' dir='ltr'><strong>cl.</strong></span> <span class='ocrx_word' id='word_1_322' title='bbox 2246 4039 2307 4100; x_wconf 85' lang='lat' dir='ltr'><strong>J.</strong></span> <span class='ocrx_word' id='word_1_323' title='bbox 2337 4036 2531 4101; x_wconf 74' lang='lat' dir='ltr'><strong>Smith</strong></span> <span class='ocrx_word' id='word_1_324' title='bbox 2553 4035 2819 4104; x_wconf 83' lang='lat' dir='ltr'><strong>eandem</strong></span> 
     </span>
     <span class='ocr_line' id='line_1_38' title="bbox 216 4134 2823 4222; baseline 0.001 -20"><span class='ocrx_word' id='word_1_325' title='bbox 216 4137 602 4215; x_wconf 75' lang='lat' dir='ltr'><strong>sententiam</strong></span> <span class='ocrx_word' id='word_1_326' title='bbox 649 4136 886 4200; x_wconf 84' lang='lat' dir='ltr'><strong>habere</strong></span> <span class='ocrx_word' id='word_1_327' title='bbox 928 4147 994 4202; x_wconf 85' lang='lat' dir='ltr'><strong>et</strong></span> <span class='ocrx_word' id='word_1_328' title='bbox 1035 4134 1207 4203; x_wconf 73' lang='lat' dir='ltr'><strong>hu&#39;nc</strong></span> <span class='ocrx_word' id='word_1_329' title='bbox 1246 4139 1313 4201; x_wconf 91' lang='lat' dir='ltr'><strong>in</strong></span> <span class='ocrx_word' id='word_1_330' title='bbox 1357 4137 1649 4204; x_wconf 79' lang='lat' dir='ltr'><strong>herbario</strong></span> <span class='ocrx_word' id='word_1_331' title='bbox 1694 4137 2142 4204; x_wconf 81' lang='lat' dir='ltr'><strong>Lambertiano</strong></span> <span class='ocrx_word' id='word_1_332' title='bbox 2187 4141 2546 4222; x_wconf 78' lang='lat' dir='ltr'><strong>exemplum</strong></span> <span class='ocrx_word' id='word_1_333' title='bbox 2592 4142 2823 4205; x_wconf 84' lang='lat' dir='ltr'><strong>erroris</strong></span> 
     </span>
     <span class='ocr_line' id='line_1_39' title="bbox 216 4237 2703 4327; baseline 0.001 -22"><span class='ocrx_word' id='word_1_334' title='bbox 216 4239 451 4305; x_wconf 84' lang='lat' dir='ltr'><strong>similis</strong></span> <span class='ocrx_word' id='word_1_335' title='bbox 479 4237 750 4316; x_wconf 83' lang='lat' dir='ltr'><strong>vidisse;</strong></span> <span class='ocrx_word' id='word_1_336' title='bbox 783 4241 862 4303; x_wconf 90' lang='lat' dir='ltr'><strong>cl.</strong></span> <span class='ocrx_word' id='word_1_337' title='bbox 900 4242 1011 4305; x_wconf 66' lang='lat' dir='ltr'><strong>Fee</strong></span> <span class='ocrx_word' id='word_1_338' title='bbox 1037 4242 1232 4322; x_wconf 86' lang='lat' dir='ltr'><strong>igitur</strong></span> <span class='ocrx_word' id='word_1_339' title='bbox 1260 4244 1483 4322; x_wconf 74' lang='lat' dir='ltr'><strong>sentit,</strong></span> <span class='ocrx_word' id='word_1_340' title='bbox 1515 4261 1713 4327; x_wconf 83' lang='lat' dir='ltr'><strong>genus</strong></span> <span class='ocrx_word' id='word_1_341' title='bbox 1744 4244 2136 4325; x_wconf 73' lang='lat' dir='ltr'><strong>Regiopteris</strong></span> <span class='ocrx_word' id='word_1_342' title='bbox 2155 4262 2307 4316; x_wconf 77' lang='lat' dir='ltr'><strong>esse</strong></span> <span class='ocrx_word' id='word_1_343' title='bbox 2336 4241 2703 4312; x_wconf 73' lang='lat' dir='ltr'><strong>delendum.</strong></span> 
     </span>
    </p>

    <p class='ocr_par' dir='ltr' id='par_1_14' title="bbox 216 4330 2823 4854">
     <span class='ocr_line' id='line_1_40' title="bbox 391 4330 2820 4427; baseline 0.002 -21"><span class='ocrx_word' id='word_1_344' title='bbox 391 4345 483 4406; x_wconf 79' lang='lat' dir='ltr'><strong>Re</strong></span> <span class='ocrx_word' id='word_1_345' title='bbox 520 4330 672 4407; x_wconf 63' lang='lat' dir='ltr'><strong>{sera</strong></span> <span class='ocrx_word' id='word_1_346' title='bbox 715 4343 781 4408; x_wconf 88' lang='lat' dir='ltr'><strong>in</strong></span> <span class='ocrx_word' id='word_1_347' title='bbox 823 4342 969 4408; x_wconf 83' lang='lat' dir='ltr'><strong>folio</strong></span> <span class='ocrx_word' id='word_1_348' title='bbox 1012 4345 1050 4406; x_wconf 88' lang='lat'><strong>3</strong></span> <span class='ocrx_word' id='word_1_349' title='bbox 1082 4346 1195 4410; x_wconf 87' lang='lat' dir='ltr'><strong>No.</strong></span> <span class='ocrx_word' id='word_1_350' title='bbox 1248 4346 1455 4410; x_wconf 75' lang='grc'><strong>49835</strong></span> <span class='ocrx_word' id='word_1_351' title='bbox 1498 4346 1565 4409; x_wconf 87' lang='lat' dir='ltr'><strong>in</strong></span> <span class='ocrx_word' id='word_1_352' title='bbox 1610 4346 1909 4412; x_wconf 89' lang='lat' dir='ltr'><strong>herbario</strong></span> <span class='ocrx_word' id='word_1_353' title='bbox 1944 4346 2341 4418; x_wconf 69' lang='lat' dir='ltr'><strong>Willdenowii</strong></span> <span class='ocrx_word' id='word_1_354' title='bbox 2367 4347 2558 4427; x_wconf 79' lang='lat' dir='ltr'><strong>juxta</strong></span> <span class='ocrx_word' id='word_1_355' title='bbox 2602 4347 2820 4411; x_wconf 84' lang='lat' dir='ltr'><strong>folium</strong></span> 
     </span>
     <span class='ocr_line' id='line_1_41' title="bbox 218 4443 2814 4533; baseline 0.002 -24"><span class='ocrx_word' id='word_1_356' title='bbox 218 4446 429 4509; x_wconf 81' lang='lat' dir='ltr'><strong>fertile</strong></span> <span class='ocrx_word' id='word_1_357' title='bbox 462 4447 538 4509; x_wconf 92' lang='grc' dir='ltr'><strong>Ο.</strong></span> <span class='ocrx_word' id='word_1_358' title='bbox 575 4443 899 4509; x_wconf 83' lang='lat' dir='ltr'><strong>sensibilis</strong></span> <span class='ocrx_word' id='word_1_359' title='bbox 938 4446 1174 4511; x_wconf 89' lang='lat' dir='ltr'><strong>lamina</strong></span> <span class='ocrx_word' id='word_1_360' title='bbox 1217 4449 1449 4513; x_wconf 88' lang='lat' dir='ltr'><strong>sterilis</strong></span> <span class='ocrx_word' id='word_1_361' title='bbox 1494 4450 1726 4530; x_wconf 73' lang='lat' dir='ltr'><strong>petiole</strong></span> <span class='ocrx_word' id='word_1_362' title='bbox 1773 4452 2019 4532; x_wconf 84' lang='lat' dir='ltr'><strong>privata</strong></span> <span class='ocrx_word' id='word_1_363' title='bbox 2064 4451 2388 4519; x_wconf 81' lang='lat' dir='ltr'><strong>invenitur</strong></span> <span class='ocrx_word' id='word_1_364' title='bbox 2417 4451 2814 4533; x_wconf 82' lang='lat' dir='ltr'><strong>incompleta,</strong></span> 
     </span>
     <span class='ocr_line' id='line_1_42' title="bbox 216 4547 2822 4635; baseline 0.002 -24"><span class='ocrx_word' id='word_1_365' title='bbox 216 4567 386 4632; x_wconf 85' lang='lat' dir='ltr'><strong>quae</strong></span> <span class='ocrx_word' id='word_1_366' title='bbox 415 4548 498 4612; x_wconf 89' lang='lat' dir='ltr'><strong>ad</strong></span> <span class='ocrx_word' id='word_1_367' title='bbox 529 4547 792 4612; x_wconf 86' lang='lat' dir='ltr'><strong>formam</strong></span> <span class='ocrx_word' id='word_1_368' title='bbox 826 4558 1242 4616; x_wconf 84' lang='lat' dir='ltr'><strong>monstrosam</strong></span> <span class='ocrx_word' id='word_1_369' title='bbox 1260 4549 1504 4633; x_wconf 82' lang='lat' dir='ltr'><strong>Aspidii</strong></span> <span class='ocrx_word' id='word_1_370' title='bbox 1530 4553 1679 4618; x_wconf 86' lang='lat' dir='ltr'><strong>filie.</strong></span> <span class='ocrx_word' id='word_1_371' title='bbox 1711 4554 1905 4618; x_wconf 86' lang='lat' dir='ltr'><strong>maris</strong></span> <span class='ocrx_word' id='word_1_372' title='bbox 1927 4554 2226 4635; x_wconf 85' lang='lat' dir='ltr'><strong>pertinet,</strong></span> <span class='ocrx_word' id='word_1_373' title='bbox 2266 4571 2396 4617; x_wconf 87' lang='lat' dir='ltr'><strong>var.</strong></span> <span class='ocrx_word' id='word_1_374' title='bbox 2436 4555 2822 4635; x_wconf 83' lang='lat' dir='ltr'><strong>Heleopteris</strong></span> 
     </span>
     <span class='ocr_line' id='line_1_43' title="bbox 217 4651 2823 4733; baseline 0.001 -17"><span class='ocrx_word' id='word_1_375' title='bbox 217 4651 485 4718; x_wconf 73' lang='lat' dir='ltr'><strong>Rorckh.</strong></span> <span class='ocrx_word' id='word_1_376' title='bbox 509 4699 531 4733; x_wconf 20' lang='lat' dir='ltr'><strong>,ff</strong></span> <span class='ocrx_word' id='word_1_377' title='bbox 576 4651 692 4716; x_wconf 83' lang='lat' dir='ltr'><strong>sed</strong></span> <span class='ocrx_word' id='word_1_378' title='bbox 732 4654 907 4717; x_wconf 88' lang='lat' dir='ltr'><strong>nullo</strong></span> <span class='ocrx_word' id='word_1_379' title='bbox 951 4651 1136 4717; x_wconf 78' lang='lat' dir='ltr'><strong>modo</strong></span> <span class='ocrx_word' id='word_1_380' title='bbox 1175 4652 1258 4717; x_wconf 91' lang='lat' dir='ltr'><strong>ad</strong></span> <span class='ocrx_word' id='word_1_381' title='bbox 1292 4655 1629 4718; x_wconf 89' lang='lat' dir='ltr'><strong>Onocleam</strong></span> <span class='ocrx_word' id='word_1_382' title='bbox 1676 4656 2069 4722; x_wconf 85' lang='lat' dir='ltr'><strong>sensibilem.</strong></span> <span class='ocrx_word' id='word_1_383' title='bbox 2132 4656 2342 4723; x_wconf 78' lang='lat' dir='ltr'><strong>Sectio</strong></span> <span class='ocrx_word' id='word_1_384' title='bbox 2381 4658 2823 4722; x_wconf 82' lang='lat' dir='ltr'><strong>transversalis</strong></span> 
     </span>
     <span class='ocr_line' id='line_1_44' title="bbox 217 4754 2823 4854; baseline 0.001 -34"><span class='ocrx_word' id='word_1_385' title='bbox 217 4775 298 4820; x_wconf 87' lang='lat' dir='ltr'><strong>ex</strong></span> <span class='ocrx_word' id='word_1_386' title='bbox 329 4754 538 4854; x_wconf 79' lang='lat' dir='ltr'><strong>medic</strong></span> <span class='ocrx_word' id='word_1_387' title='bbox 568 4754 815 4837; x_wconf 84' lang='lat' dir='ltr'><strong>Aspidii</strong></span> <span class='ocrx_word' id='word_1_388' title='bbox 847 4757 1054 4821; x_wconf 89' lang='lat' dir='ltr'><strong>Filicis</strong></span> <span class='ocrx_word' id='word_1_389' title='bbox 1085 4757 1357 4822; x_wconf 88' lang='lat' dir='ltr'><strong>laminae</strong></span> <span class='ocrx_word' id='word_1_390' title='bbox 1391 4762 1424 4823; x_wconf 82' lang='lat'><strong>4</strong></span> <span class='ocrx_word' id='word_1_391' title='bbox 1458 4758 1791 4825; x_wconf 72' lang='lat' dir='ltr'><strong>fasciculos</strong></span> <span class='ocrx_word' id='word_1_392' title='bbox 1822 4758 2038 4828; x_wconf 70' lang='lat' dir='ltr'><strong>uvales</strong></span> <span class='ocrx_word' id='word_1_393' title='bbox 2066 4758 2370 4842; x_wconf 78' lang='lat' dir='ltr'><strong>ostendit,</strong></span> <span class='ocrx_word' id='word_1_394' title='bbox 2406 4759 2576 4826; x_wconf 89' lang='lat' dir='ltr'><strong>idem</strong></span> <span class='ocrx_word' id='word_1_395' title='bbox 2606 4756 2823 4824; x_wconf 60' lang='lat' dir='ltr'><strong>isthac</strong></span> 
     </span>
    </p>
   </div>
  </div>
 </body>
</html>
