3450 5367
1413 286 1713 348 Woodsia.
2740 281 2864 350 163

282 452 874 520 Guldbrandsdalen
904 456 1090 519 Norv.
1135 454 1588 539 (Schuchardt).
1641 456 1997 537 specimina
2029 474 2367 519 numerosa
2404 456 2682 532 inherb.
2709 456 2871 518 horti

283 558 415 620 bot.
451 559 704 640 Petrop.
744 558 896 621 vidi.
963 560 1163 621 Strias
1209 558 1351 621 illas
1381 577 1684 621 nervosas
1715 561 1905 621 etiam
1950 560 2017 619 in
2048 559 2189 621 aliis
2236 560 2471 640 plantis
2511 558 2873 623 borealibus

281 680 407 725 non
439 679 582 724 raro
612 660 970 725 observavi.

455 767 518 829 2.
586 767 685 828 W.
720 762 1278 844 asplenioides
1321 767 1515 847 Rupr.
1552 764 1594 826 l.
1654 784 1711 827 c.
1761 784 1824 845 p.
1878 767 1958 828 55
2003 786 2256 849 quoque
2296 768 2543 848 species
2575 761 2871 826 distincta

279 868 430 936 mihi
486 886 610 932 non
665 864 950 942 videtur;
1007 866 1090 929 ab
1130 875 1349 931 autore
1394 870 1490 930 sic
1532 866 1949 930 describitur:
2011 871 2358 949 „Occurrit
2396 868 2712 950 pollicaris
2772 866 2874 931 vel

275 971 466 1034 etiam
529 970 963 1052 tripollicaris,
1029 968 1142 1033 sed
1189 972 1421 1052 pinnae
1474 971 1809 1052 primariae
1854 989 2071 1033 omnes
2123 970 2588 1051 subrotundae,
2654 970 2872 1031 minu-

278 1082 412 1151 tae,
464 1074 571 1136 vix
603 1074 835 1139 lineam
867 1075 1124 1157 longae3
1170 1073 1499 1136 inferiores
1528 1072 1778 1136 steriles
1810 1074 2082 1150 incisae;
2132 1075 2494 1154 superiores
2535 1072 2870 1152 indivisae,

277 1177 674 1257 crenulatae,
724 1175 895 1259 quod
937 1175 1219 1240 frondem
1262 1176 1715 1259 angustissime
1759 1177 2059 1240 linearem
2091 1175 2324 1240 reddit.
2391 1177 2551 1241 Cum
2580 1175 2871 1239 Woodsia

276 1278 548 1359 glabella
594 1280 854 1344 sibirica
896 1282 1092 1363 igitur
1133 1282 1344 1343 minus
1374 1276 1948 1362 coincidit‚·quam
1993 1299 2138 1343 cum
2182 1282 2362 1343 icone
2389 1277 2578 1343 Hook.
2630 1287 2681 1339 t.
2718 1278 2866 1351 237,

274 1381 394 1446 sed
438 1382 630 1448 etiam
672 1384 754 1447 ab
799 1385 916 1447 hac
954 1381 1179 1447 fronde
1224 1383 1449 1446 saltem
1495 1381 1692 1466 duplo
1734 1383 2128 1464 angustiore,
2179 1381 2379 1445 forma
2424 1385 2763 1464 pinnarum
2808 1387 2874 1441 et

274 1487 629 1566 gracilitate
672 1484 934 1550 recedit.
1013 1488 1278 1551 Habitus
1321 1483 1605 1568 Asplenii
1649 1485 1873 1547 viridis
1918 1487 2175 1566 minuti,
2237 1485 2353 1549 sed
2396 1486 2543 1567 pilis
2595 1483 2873 1567 capsulis

274 1589 686 1672 intermixtis,
723 1589 1048 1671 stipitibus
1080 1585 1761 1668 articulato-nodosiS‚
1811 1607 2135 1670 nunquam
2167 1586 2873 1670 fusco-nigricantibus

277 1693 487 1755 omnis
517 1694 920 1755 commutatio
952 1690 1362 1774 impossibilis
1406 1689 1743 1754 videtur.“
1779 1726 1862 1737 —
1906 1693 2138 1754 Revera
2186 1694 2508 1774 specimen
2544 1690 2874 1754 Woodsiae

278 1791 709 1875 asplenioides
744 1795 828 1857 ab
857 1802 1078 1857 autore
1108 1814 1354 1858 mecum
1379 1796 1903 1857 communicatum
1936 1794 2267 1858 Woodsiae
2299 1793 2605 1876 glabeliae
2635 1793 2684 1855 A
2707 1812 2763 1854 m
2782 1812 2871 1854 e-

279 1898 505 1959 ricae
535 1895 838 1977 borealis,
892 1916 1055 1980 quae
1085 1898 1149 1960 in
1184 1899 1473 1962 herbario
1506 1916 1633 1980 reg.
1670 1897 1874 1960 Beroi.
1911 1904 2315 1978 asservatur,
2352 1898 2713 1979 proximum
2744 1904 2867 1974 est,

280 2000 367 2059 ita
402 2007 472 2061 ut
501 2001 601 2062 W.
636 2000 1086 2081 asplenioidem
1118 2019 1242 2063 non
1276 2001 1592 2072 diversam
1617 2000 1920 2079 habeam3
1950 2008 2277 2082 praeterea
2304 1999 2566 2063 formam
2587 2019 2667 2063 ex
2698 1999 2874 2081 alpi-

279 2103 404 2163 bus
427 2102 777 2183 lapponicis
803 2102 1118 2186 possideo,
1145 2122 1308 2184 quae
1334 2104 1668 2167 transitum
1703 2123 1738 2166 a
1760 2106 1859 2167 W.
1898 2101 2283 2185 aspienioide
2313 2104 2378 2165 in
2406 2105 2500 2166 W.
2539 2103 2871 2186 glabellam

280 2203 559 2268 indicare
601 2204 877 2269 videtur.
939 2208 1082 2288 Ipse
1112 2213 1206 2269 tot
1246 2215 1311 2269 et
1342 2215 1470 2269 tam
1513 2203 1803 2271 diversas
1852 2207 2084 2269 formas
2121 2205 2554 2277 Woodsiarum
2584 2206 2874 2287 Europae

280 2306 445 2389 vidi,
496 2317 568 2373 ut
594 2328 629 2371 a
660 2308 972 2372 sententia
1019 2328 1142 2373 non
1188 2309 1592 2387 abhorream,
1645 2310 2089 2373 verosimiliter
2118 2311 2308 2373 etiam
2342 2309 2698 2372 Woodsiam
2730 2309 2873 2390 gia-

280 2409 511 2473 bellam
556 2410 817 2476 formam
853 2409 1185 2503 Woodsiae
1225 2412 1656 2495 hyperboreae
1698 2433 1863 2477 esse.
1901 2414 2168 2477 Collecta
2202 2422 2301 2477 est
2333 2412 2622 2477 Woodsia
2657 2412 2875 2493 asple-

279 2512 522 2578 nioides
552 2517 744 2596 Rupr.
783 2514 848 2575 in
881 2515 1181 2600 Mcngoltia
1213 2514 1383 2577 chin.
1420 2518 1525 2578 et?
1568 2517 1838 2579 Dahuria
1875 2518 2103 2580 vicina.
2139 2551 2226 2566 -·—-

411 2621 473 2681 3.
524 2619 621 2681 W.
650 2616 1039 2682 subcorda
1060 2627 1133 2679 ta
1161 2619 1617 2682 Turcsaninow.
1656 2621 1803 2683 Dec.
1834 2629 1966 2682 tres
1982 2620 2071 2702 pl.
2100 2639 2246 2683 nov.
2268 2618 2449 2685 Chin.
2482 2616 2616 2679 bor.
2646 2616 2757 2678 No.
2790 2616 2870 2676 30

278 2723 345 2783 in
372 2721 536 2785 Bull.
572 2721 715 2784 Soc.
752 2728 883 2784 nat.
920 2721 1172 2783 Moscou
1198 2723 1273 2785 V.
1322 2720 1368 2805 (i
1386 2720 1528 2806 832)
1570 2742 1634 2804 p.
1673 2725 1823 2787 206.
1864 2758 1941 2772 -—
1985 2725 2176 2805 Rupr.
2213 2724 2405 2787 Distr.
2444 2722 2672 2803 Crypt.
2700 2736 2874 2781 vase.

276 2826 506 2906 Imper.
542 2824 718 2888 Ross.
778 2825 874 2887 111.
914 2842 976 2904 p.
1017 2824 1097 2884 53
1141 2821 1379 2907 (⁴845).
1416 2859 1502 2871 —
1547 2826 1976 2890 Maoet'mowicz
2021 2825 2206 2888 Prim.
2258 2824 2347 2889 ΡΙ.
2384 2823 2602 2887 Amur.
2640 2842 2706 2904 p.
2745 2824 2870 2884 338

290 2928 334 3010 (i
353 2930 530 3007 859).
569 2960 646 2974 —
681 2928 899 2989 Forma
932 2926 1203 2990 laminae
1234 2933 1309 2991 ut
1336 2927 1402 2989 in
1426 2929 1526 2991 W.
1563 2929 1989 3012 hyperborea;
2026 2936 2349 3011 segmenta
2382 2948 2418 2990 e
2445 2925 2585 2991 basi
2617 2923 2869 2988 cordata

276 3036 463 3094 ovata
510 3030 555 3090 l.
592 3029 1107 3111 ovato-oblonga
1138 3029 1365 3093 obtusa
1398 3031 1805 3113 pinnatifida,
1855 3032 2119 3097 laciniae
2147 3032 2518 3114 paucijugae
2557 3029 2644 3113 (in
2674 3029 2871 3092 forma

277 3136 522 3197 minore
564 3134 732 3196 3-4
765 3132 990 3215 jugae,
1041 3135 1107 3196 in
1148 3134 1384 3212 majore
1429 3137 1594 3197 5--6
1632 3134 1841 3219 jugae)
1895 3154 2057 3218 apex
2087 3143 2558 3230 segmentorum
2605 3130 2890 3196 obtusus‘

276 3238 761 3319 integerrimus;
820 3235 1085 3298 laciniae
1136 3235 1391 3300 basales
1434 3245 1827 3320 protractae,
1885 3258 1921 3302 e
1971 3239 2111 3303 basi
2157 3239 2521 3321 angustiore
2566 3238 2873 3301 obovatae

275 3325 742 3421 integerrimae.

450 3442 618 3507 nab.
681 3444 750 3505 ln
783 3440 1004 3504 merid.
1040 3442 1215 3505 Terr.
1250 3440 1512 3505 Δῶρι-,ε
1550 3442 1854 3523 Poddale,
1893 3442 2149 3526 GaidJe,
2185 3444 2267 3509 ad
2297 3444 2387 3508 Fi.
2426 3442 2645 3507 Ussuri
2677 3460 2872 3524 prope

274 3548 442 3608 Ncor
499 3555 563 3608 et
637 3564 736 3627 pr.
801 3542 1124 3607 Dschcada
1198 3542 1470 3628 (Maack.
1542 3547 2008 3633 Maoeimowicz)
2038 3569 2051 3628 3
2131 3549 2432 3630 Mongolia
2507 3545 2867 3608 chinensis:

273 3647 712 3710 Daban-Urto.
796 3645 1320 3731 (Ladyschmslcy).
1398 3648 1897 3732 Dschartschka,
1957 3651 2289 3714 Khachzoll
2343 3657 2408 3712 et
2446 3649 2875 3727 Tsehaintung

276 3751 675 3814 Manchuriae
713 3746 1034 3833 (Maack);
1086 3751 1283 3814 China
1317 3749 1453 3813 hor.
1500 3749 1771 3835 (Turcz).

451 3856 616 3916 Haec
658 3853 873 3936 planta
915 3854 1166 3916 omnino
1207 3849 1498 3916 habitum
1542 3853 1872 3918 Woodsiae
1918 3854 2348 3937 hyperboreae
2385 3850 2613 3934 habet,
2663 3870 2698 3914 a
2744 3870 2867 3934 qua

276 3955 653 4039 plerumque
681 3954 892 4019 differt
922 3956 1165 4020 laciniis
1195 3955 1523 4019 basalibus
1556 3958 1815 4038 paulum
1849 3958 2208 4038 protractis,
2244 3966 2317 4019 ut
2345 3965 2544 4018 totum
2573 3975 2874 4039 segmen-

278 4067 415 4119 tum
449 4057 578 4120 fere
608 4059 925 4123 hastatum
958 4060 1211 4121 existat.
1250 4060 1423 4121 Duae
1454 4059 1686 4123 formae
1717 4058 2204 4143 distinguendae
2234 4068 2420 4123 sunt:

453 4158 520 4244 α)
574 4162 842 4225 minor.
895 4163 1152 4225 Lamina
1190 4160 1488 4245 (excepto
1518 4161 1781 4246 peticio)
1824 4162 2077 4250 3—-34''
2111 4167 2312 4250 longa,
2354 4159 2671 4227 io-nm
2719 4164 2865 4240 iata,

278 4273 606 4347 segmenta
639 4266 937 4349 primaria
974 4262 1204 4327 42-8'''
1237 4266 1444 4347 longa,
1482 4266 1665 4350 21}—
1683 4263 1823 4351 ξω
1858 4268 2004 4347 lata,
2044 4268 2312 4331 laciniae
2338 4268 2497 4331 4-4
2528 4266 2737 4346 jugae.

451 4367 514 4452 β)
557 4371 827 4448 major.
891 4368 1147 4431 Lamina
1193 4367 1487 4454 44—833'
1519 4369 1737 4450 longa,
1794 4367 2115 4432 43-45’”
2152 4371 2310 4451 lata,
2361 4376 2686 4451 segmenta
2731 4367 2875 4448 pri-

280 4471 475 4533 maria
510 4468 741 4535 7-9'''
775 4471 977 4553 longa,
1020 4468 1117 4536 4''s
1149 4472 1299 4547 lata,
1336 4469 1594 4535 laciniae
1627 4473 1751 4533 5—
1784 4475 2107 4555 sexjugae.

457 4573 553 4636 Cl.
588 4575 1021 4637 Maaeimowicz
1051 4573 1096 4635 l.
1133 4591 1195 4651 c,
1228 4571 1308 4635 de
1339 4574 1457 4636 hac
1488 4575 1703 4655 planta
1737 4565 1922 4637 dicit:
1978 4575 2104 4656 ‚‚A.
2145 4574 2434 4638 Woodsia
2485 4571 2872 4656 hyperborea

282 4675 541 4739 differre
582 4675 840 4739 videtur
879 4677 1082 4740 colore
1125 4676 1719 4739 lutescenti-viridi
1765 4677 2004 4740 frondis
2053 4679 2250 4740 multo
2282 4678 2609 4754 firmioris,
2661 4675 2875 4755 pinnis

281 4780 421 4842 basi
451 4779 923 4860 angustioribus
955 4770 1166 4841 minus
1195 4774 1507 4860 profunde
1538 4780 1785 4858 incisis,
1837 4782 1999 4843 soris
2031 4782 2264 4861 pinnae
2294 4780 2642 4860 marginem
2676 4770 2876 4839 totum

2361 4895 2468 4949 11*
