3450 5367
1340 328 1704 402 selagineua.
2689 292 2818 385 259

235 499 614 580 plerumque
664 499 699 559 4
743 496 1196 577 macrosporis,
1265 494 1388 557 alia
1448 492 1980 575 microsporangia
2022 489 2427 574 microsporis
2469 497 2825 558 numerosis

236 601 517 684 impleta.
578 599 815 678 Sporae
847 617 1063 662 omnes
1093 598 1269 662 striis
1302 596 1509 660 tribus
1539 604 1810 659 notatae.

273 719 284 727 ·
407 706 457 766 E
499 702 715 785 parvis
762 701 1040 783 cellulis,
1090 720 1253 783 quae
1297 702 1362 762 in
1408 699 1808 781 microsporis
1855 699 2235 780 gignuntur,
2284 697 2643 762 antberidia
2682 710 2744 764 et
2789 721 2824 765 e

237 806 656 886 macrosporis
687 804 1015 887 protballia
1047 804 1435 885 archegoniis
1465 804 1775 866 instructa
1806 809 2245 895 procreantur.

181 894 190 898 ’
411 908 659 974 Confer.
716 903 811 970 W.
837 904 1201 987 Hofmeister
1222 906 1572 987 Vergleicb.
1604 905 1982 969 Untersucb.
2019 904 2247 967 Hoher.
2278 901 2569 988 Kryptog.
2606 904 2652 990 (4
2669 907 2814 992 854)

233 1034 298 1095 p.
341 1014 451 1074 424
474 1060 488 1074 .
524 1046 609 1058 -
640 1010 953 1074 Menenius
984 1010 1170 1073 Beitr.
1208 1030 1262 1072 z.
1298 1010 1580 1072 Botanik.
1631 1008 1775 1071 Heft
1804 1010 1852 1071 I.
1888 1027 1954 1089 p.
1997 1007 2099 1071 40.

413 1115 623 1181 Cauiis
655 1114 956 1177 fasciculo
989 1132 1283 1177 vasorum
1320 1112 1584 1176 centrali
1616 1112 1662 1174 l.
1700 1111 1954 1174 duobus
1985 1110 2190 1172 rarius
2221 1108 2656 1192 compluribus
2689 1113 2825 1179 dis-

236 1219 428 1283 cretis
461 1220 812 1281 instructus
844 1225 981 1301 est..

412 1322 638 1386 Caules
693 1328 925 1382 teretes
987 1319 1032 1381 Ι.
1087 1320 1432 1401 compressi
1491 1319 1534 1382 l.
1588 1320 1900 1401 ancipites
1945 1317 1987 1380 l.
2039 1316 2459 1399 inaequaliter
2516 1321 2818 1404 angulati,

236 1425 517 1489 continui
549 1431 661 1487 aut
693 1421 778 1485 ad
806 1440 1123 1484 ramorum
1155 1423 1453 1504 originem
1488 1422 1815 1486 constricti
1847 1431 2019 1486 sunt.

407 1543 594 1628 Apud
627 1543 1033 1626 Selaginellas
1080 1545 1411 1607 continuas
1457 1543 1781 1606 radiculae
1824 1542 2121 1605 axillares
2168 1551 2336 1605 retro
2381 1553 2732 1607 curvantur
2761 1555 2827 1608 et

239 1650 499 1714 dorsum
532 1648 789 1730 plantae
821 1654 1170 1728 occupant3
1220 1647 1337 1709 hae
1383 1645 1704 1709 radiculae
1750 1647 2030 1727 posticae
2060 1655 2241 1723 sunt3
2279 1653 2344 1707 at
2371 1644 2545 1727 apud
2574 1647 2820 1729 Selagi-
2858 1681 2863 1688 ·

236 1752 441 1815 nelias
472 1752 840 1814 articulatas
873 1749 1191 1814 radiculae
1214 1750 1740 1813 extra-axillares
1762 1745 2030 1827 adsunt,
2068 1766 2231 1829 quae
2257 1757 2544 1812 ventrem
2570 1752 2826 1831 planta'e

237 1862 582 1937 occupant;
618 1873 784 1937 quae
816 1853 1134 1919 radiculae
1166 1854 1411 1917 anticae
1442 1853 1870 1936 appellantur.

412 1974 629 2037 Caules
659 1984 723 2036 et
755 1977 911 2038 rami
937 1975 1313 2058 pleurotropi
1339 1972 1704 2057 appellandi
1735 1980 1918 2053 sunt,
1968 1973 2023 2034 si
2053 1973 2253 2036 latera
2285 1973 2483 2037 caulis
2513 1977 2822 2058 tetragoni

243 2079 624 2142 verticaliter
654 2086 720 2140 et
748 2078 939 2142 facies
972 2079 1281 2142 ventralis
1327 2085 1392 2140 et
1433 2077 1703 2140 dorsalis
1751 2077 2221 2139 horizontaliter
2266 2078 2467 2158 posita
2501 2086 2676 2140 sunt.
2756 2080 2822 2141 In

236 2184 337 2245 his
369 2181 659 2259 caulibus
689 2191 753 2243 et
786 2182 974 2244 ramis
1006 2199 1077 2242 ea
1112 2180 1301 2244 facies
1321 2226 1339 2259 ‚
1386 2200 1548 2263 quae
1583 2192 1786 2243 terrae
1816 2179 2470 2260 incumbitposterior
2505 2180 2815 2265 (dorsalis)

237 2297 300 2349 et
332 2286 523 2349 facies
568 2286 853 2366 opposita
899 2285 1172 2346 anterior
1208 2281 1554 2369 (ventralis)
1594 2280 1973 2365 appellanda
2015 2292 2147 2362 est3
2199 2283 2392 2346 facies
2437 2286 2829 2348 verticaliter

239 2392 479 2471 positae
509 2386 809 2451 dicuntur
842 2387 1157 2451 laterales.

413 2510 634 2571 Cautes
665 2516 729 2571 et
762 2510 916 2571 rami
946 2508 1284 2591 qoniotropi
1311 2503 1574 2589 adsunt,
1628 2509 1680 2570 si
1729 2508 1922 2569 facies
1955 2508 2240 2570 caulinae
2272 2515 2543 2588 quatuor
2572 2506 2825 2590 oblique

239 2614 477 2694 positae
531 2621 713 2692 sunt,
773 2621 846 2673 ut
897 2609 1022 2673 duo
1075 2610 1265 2674 facies
1318 2611 1720 2692 divergentes
1764 2611 2111 2674 anteriores
2151 2618 2217 2690 et
2266 2607 2391 2673 duo
2444 2612 2826 2692 posteriores

241 2714 477 2778 adsint.
566 2715 773 2776 Sectio
832 2715 1276 2777 transversalis
1336 2714 1534 2777 caulis
1594 2715 1981 2798 pleurotropi
2053 2711 2361 2795 quadrata
2384 2759 2400 2792 ,
2475 2714 2826 2797 goniotropi

199 2899 204 2904 .
243 2815 539 2881 rhombea
573 2826 697 2880 est.
769 2832 778 2838 ’

409 2921 575 2983 Folia
610 2919 897 2984 lateralia
917 2919 1155 3001 postica
1176 2918 1582 2999 appellantur
1599 2966 1615 2998 ,
1653 2938 1817 3001 quae
1847 2919 2121 2985 medium
2147 2922 2388 2984 caulem
2413 2922 2826 3001 posteriorem

240 3032 586 3103 occupant,
623 3020 775 3087 dum
806 3022 963 3085 folia
984 3024 1187 3086 antica
1220 3023 1285 3083 in
1316 3022 1496 3085 caule
1526 3024 1736 3085 medio
1759 3025 2075 3086 anteriore
2100 3022 2361 3100 sedent3
2400 3022 2542 3086 folia
2565 3025 2829 3107 synedra

239 3132 306 3191 in
347 3128 592 3209 angulis
644 3125 847 3189 caulis
890 3123 1345 3208 quadranguli,
1396 3125 1712 3190 cathedra‘
1747 3129 1813 3190 in
1859 3128 2145 3191 faciebus
2189 3127 2387 3190 caulis
2428 3127 2672 3192 sessilia
2718 3130 2828 3189 in-

243 3232 611 3294 veniuntur.

407 3344 521 3414 30.
561 3345 908 3429 &lagi-eu·
950 3347 1177 3432 Sprinq
1220 3349 1301 3410 in
1348 3350 1575 3412 Flora
1615 3347 1826 3434 (4838)
1870 3350 1932 3411 l.
1970 3369 2037 3431 p.
2077 3352 2223 3413 448.

393 3468 946 3556 -Macrosporangia
991 3478 1056 3531 et
1098 3470 1629 3551 microsporangia
1675 3472 1743 3532 in
1805 3466 2027 3554 eadem
2077 3470 2251 3551 spica
2298 3469 2619 3550 sedentia3
2674 3471 2828 3533 baec

242 3572 704 3650 numerosiora,
768 3579 1129 3634 transverse
1171 3571 1597 3653 dehiscentia,
1660 3572 1765 3633 illa
1823 3573 2056 3634 rariora
2099 3572 2143 3634 l.
2196 3574 2474 3637 solitaria
2517 3571 2600 3635 ad
2640 3573 2825 3636 basin

240 3673 474 3757 spicae,
513 3675 648 3735 3--
670 3674 705 3734 4
740 3691 946 3736 cocca.

418 3778 656 3857 Sporae
688 3778 858 3839 striis
889 3775 1096 3839 tribus
1128 3785 1405 3840 notatae.

413 3876 510 3940 Ad
557 3877 743 3941 basin
786 3888 853 3941 et
895 3880 1184 3943 foliorum
1230 3881 1538 3942 sterilium
1582 3889 1646 3942 et
1689 3880 1989 3944 tortilium
2023 3897 2323 3959 organum
2371 3881 2820 3959 accessorium,

239 3982 423 4065 quasi
464 3981 699 4081 stipula
745 3982 1061 4062 axillaris,
1124 4003 1159 4045 e
1199 3984 1443 4046 cellulis
1499 3984 1919 4065 compositum
1977 3982 2372 4046 observatur.
2460 3983 2557 4060 (K.
2607 3983 2830 4047 Maller

240 4090 308 4148 in
338 4088 473 4147 Bot.
511 4086 639 4165 Ztg.
682 4085 731 4164 [4
751 4086 898 4165 846]
932 4105 999 4167 p.
1039 4084 1213 4168 543.)

417 4203 670 4270 Confer.
748 4206 1062 4269 Menenius
1105 4206 1325 4269 Filices
1366 4205 1529 4269 horti
1573 4206 1742 4287 Lips.
1789 4202 1833 4287 (4
1852 4202 1998 4287 856)
2050 4224 2114 4285 p.
2173 4205 2196 4266 4
2211 4206 2317 4268 22.
2366 4240 2456 4254 --
2494 4201 2569 4268 Α.
2608 4197 2826 4271 Br'auri

238 4306 441 4373 Index
486 4308 722 4372 Semin.
770 4308 932 4370 bort.
977 4307 1110 4369 bot.
1149 4310 1344 4371 Berol.
1396 4308 1440 4392 (4
1458 4307 1631 4392 857).
1710 4306 2046 4389 Appendix
2093 4328 2158 4390 p.
2197 4308 2300 4370 44.
2346 4346 2432 4358 —-
2476 4307 2651 4372 Idem
2682 4311 2725 4372 l.
2764 4331 2818 4374 c.

250 4412 295 4497 (4
317 4408 463 4494 859)
503 4431 568 4492 p.
606 4411 706 4474 24.
745 4445 819 4456 -
853 4408 1024 4473 Idem
1057 4411 1118 4473 in
1152 4409 1379 4473 Annal.
1414 4413 1645 4475 scienc.
1681 4420 1816 4474 nat.
1856 4414 1916 4474 5.
1956 4430 2079 4475 ser.
2119 4413 2189 4472 T.
2226 4411 2323 4473 111.
2363 4414 2421 4474 ὃ.
2458 4413 2702 4477 Cabier.
2746 4447 2820 4462 —

235 4514 414 4578 Idem
456 4516 522 4576 i'n
568 4513 948 4584 Monatsber.
1003 4513 1133 4595 Kgl.
1171 4511 1373 4577 Akad.
1415 4515 1852 4578 Wissenscbft.
1892 4536 1948 4577 z.
1982 4514 2212 4577 Berlin.
2270 4511 2378 4578 27.
2413 4512 2592 4596 April
2627 4518 2817 4578 4865.

238 4652 327 4667 --
352 4616 718 4700 Hofmeister
747 4619 816 4679 in
840 4617 1118 4698 Pringsb.
1147 4616 1365 4681 Jahrb.
1395 4618 1840 4681 wissenschftl.
1861 4621 2007 4681 Bot.
2042 4619 2141 4680 111.
2172 4616 2282 4680 Bd.
2332 4615 2541 4698 (4863)
2572 4638 2636 4699 p.
2669 4619 2782 4681 294
2806 4629 2838 4682 .’

243 4755 324 4768 —-
377 4721 605 4803 Sprinq
652 4721 716 4785 in
757 4720 1192 4803 Monographia
1254 4720 1669 4800 Selaginellae
1712 4731 1835 4785 etc.
1884 4723 1947 4784 in
1996 4725 2173 4784 Mem.
2224 4717 2420 4783 Acad.
2471 4721 2704 4803 Royale
2746 4722 2828 4784 de
2915 4760 2920 4766 -

238 4826 490 4888 Scienc.
529 4820 609 4886 de
642 4823 958 4905 Belgique.
1010 4826 1200 4887 Tome
1236 4824 1315 4887 24
1360 4821 1405 4906 (4
1424 4824 1619 4902 850).-

2302 4942 2412 4993 17*
