<?xml version="1.0" encoding="UTF-8"?>
<!DOCTYPE html PUBLIC "-//W3C//DTD XHTML 1.0 Transitional//EN"
    "http://www.w3.org/TR/xhtml1/DTD/xhtml1-transitional.dtd">
<html xmlns="http://www.w3.org/1999/xhtml" xml:lang="en" lang="en">
 <head>
  <title>
</title>
<meta http-equiv="Content-Type" content="text/html;charset=utf-8" />
  <meta name='ocr-system' content='tesseract 3.04.00' />
  <meta name='ocr-capabilities' content='ocr_page ocr_carea ocr_par ocr_line ocrx_word'/>
</head>
<body>
  <div class='ocr_page' id='page_1' title='image "./filiceseuropaee01mildgoog_0297.png"; bbox 0 0 3450 5367; ppageno 0'>
   <div class='ocr_carea' id='block_1_1' title="bbox 1331 273 2866 345">
    <p class='ocr_par' dir='ltr' id='par_1_1' title="bbox 1331 273 2866 345">
     <span class='ocr_line' id='line_1_1' title="bbox 1331 273 2866 345; baseline 0.001 -8"><span class='ocrx_word' id='word_1_1' title='bbox 1331 323 1340 330; x_wconf 90' lang='lat'><strong>.</strong></span> <span class='ocrx_word' id='word_1_2' title='bbox 1441 279 1728 345; x_wconf 67' lang='grc' dir='ltr'><strong>Ιεοὸιοαο.</strong></span> <span class='ocrx_word' id='word_1_3' title='bbox 1764 335 1773 344; x_wconf 91' lang='grc'><strong>.</strong></span> <span class='ocrx_word' id='word_1_4' title='bbox 1810 275 1821 326; x_wconf 78' lang='grc'><strong>-’</strong></span> <span class='ocrx_word' id='word_1_5' title='bbox 2736 273 2866 340; x_wconf 74' lang='lat'><strong>275</strong></span> 
     </span>
    </p>
   </div>
   <div class='ocr_carea' id='block_1_2' title="bbox 261 444 2867 631">
    <p class='ocr_par' dir='ltr' id='par_1_2' title="bbox 261 444 2867 631">
     <span class='ocr_line' id='line_1_2' title="bbox 261 444 2867 529; baseline 0.001 -22"><span class='ocrx_word' id='word_1_6' title='bbox 261 446 1112 527; x_wconf 60' lang='lat' dir='ltr'><strong>mongum-immaum,</strong></span> <span class='ocrx_word' id='word_1_7' title='bbox 1149 447 1523 529; x_wconf 75' lang='lat' dir='ltr'><strong>plerumque</strong></span> <span class='ocrx_word' id='word_1_8' title='bbox 1553 446 1620 507; x_wconf 84' lang='lat' dir='ltr'><strong>in</strong></span> <span class='ocrx_word' id='word_1_9' title='bbox 1649 444 2086 509; x_wconf 72' lang='lat' dir='ltr'><strong>membranam</strong></span> <span class='ocrx_word' id='word_1_10' title='bbox 2121 448 2528 528; x_wconf 72' lang='lat' dir='ltr'><strong>spon-angium</strong></span> <span class='ocrx_word' id='word_1_11' title='bbox 2557 446 2704 528; x_wconf 81' lang='lat' dir='ltr'><strong>plus</strong></span> <span class='ocrx_word' id='word_1_12' title='bbox 2737 450 2867 510; x_wconf 89' lang='lat' dir='ltr'><strong>mi-</strong></span> 
     </span>
     <span class='ocr_line' id='line_1_3' title="bbox 270 547 1944 631; baseline 0.001 -20"><span class='ocrx_word' id='word_1_13' title='bbox 270 568 476 612; x_wconf 84' lang='lat' dir='ltr'><strong>nusve</strong></span> <span class='ocrx_word' id='word_1_14' title='bbox 508 549 909 631; x_wconf 84' lang='lat' dir='ltr'><strong>obtegentem</strong></span> <span class='ocrx_word' id='word_1_15' title='bbox 944 559 1224 614; x_wconf 76' lang='lat' dir='ltr'><strong>teneram</strong></span> <span class='ocrx_word' id='word_1_16' title='bbox 1247 598 1263 631; x_wconf 94' lang='lat'><strong>,</strong></span> <span class='ocrx_word' id='word_1_17' title='bbox 1298 552 1535 630; x_wconf 83' lang='lat' dir='ltr'><strong>velum,</strong></span> <span class='ocrx_word' id='word_1_18' title='bbox 1572 547 1944 613; x_wconf 78' lang='lat' dir='ltr'><strong>dilatantur.</strong></span> 
     </span>
    </p>
   </div>
   <div class='ocr_carea' id='block_1_3' title="bbox 271 665 2865 1148">
    <p class='ocr_par' dir='ltr' id='par_1_3' title="bbox 271 665 2865 1148">
     <span class='ocr_line' id='line_1_4' title="bbox 413 665 2864 754; baseline 0.001 -21"><span class='ocrx_word' id='word_1_19' title='bbox 413 679 418 682; x_wconf 81' lang='grc'><strong>’</strong></span> <span class='ocrx_word' id='word_1_20' title='bbox 448 670 653 752; x_wconf 88' lang='lat' dir='ltr'><strong>Supra</strong></span> <span class='ocrx_word' id='word_1_21' title='bbox 688 667 928 736; x_wconf 82' lang='lat' dir='ltr'><strong>foveam</strong></span> <span class='ocrx_word' id='word_1_22' title='bbox 961 670 1233 738; x_wconf 87' lang='lat' dir='ltr'><strong>mediam</strong></span> <span class='ocrx_word' id='word_1_23' title='bbox 1265 673 1419 736; x_wconf 84' lang='lat' dir='ltr'><strong>rima</strong></span> <span class='ocrx_word' id='word_1_24' title='bbox 1444 671 1915 751; x_wconf 82' lang='lat' dir='ltr'><strong>transversalis,</strong></span> <span class='ocrx_word' id='word_1_25' title='bbox 1948 667 2205 754; x_wconf 74' lang='lat' dir='ltr'><strong>foveola,</strong></span> <span class='ocrx_word' id='word_1_26' title='bbox 2242 665 2641 750; x_wconf 82' lang='lat' dir='ltr'><strong>observatur,</strong></span> <span class='ocrx_word' id='word_1_27' title='bbox 2682 675 2864 753; x_wconf 84' lang='lat' dir='ltr'><strong>cujns</strong></span> 
     </span>
     <span class='ocr_line' id='line_1_5' title="bbox 271 773 2865 856; baseline 0.002 -21"><span class='ocrx_word' id='word_1_28' title='bbox 271 793 486 856; x_wconf 82' lang='lat' dir='ltr'><strong>margo</strong></span> <span class='ocrx_word' id='word_1_29' title='bbox 520 774 775 837; x_wconf 87' lang='lat' dir='ltr'><strong>inferior</strong></span> <span class='ocrx_word' id='word_1_30' title='bbox 805 775 1123 838; x_wconf 89' lang='lat' dir='ltr'><strong>interdum</strong></span> <span class='ocrx_word' id='word_1_31' title='bbox 1156 777 1221 837; x_wconf 82' lang='lat' dir='ltr'><strong>in</strong></span> <span class='ocrx_word' id='word_1_32' title='bbox 1256 775 1481 839; x_wconf 82' lang='lat' dir='ltr'><strong>labium</strong></span> <span class='ocrx_word' id='word_1_33' title='bbox 1520 773 1916 856; x_wconf 77' lang='lat' dir='ltr'><strong>producitur.</strong></span> <span class='ocrx_word' id='word_1_34' title='bbox 1998 774 2090 834; x_wconf 84' lang='lat' dir='ltr'><strong>Ex</strong></span> <span class='ocrx_word' id='word_1_35' title='bbox 2123 773 2239 837; x_wconf 87' lang='lat' dir='ltr'><strong>hac</strong></span> <span class='ocrx_word' id='word_1_36' title='bbox 2268 775 2512 840; x_wconf 72' lang='lat' dir='ltr'><strong>foveola</strong></span> <span class='ocrx_word' id='word_1_37' title='bbox 2545 777 2865 840; x_wconf 73' lang='lat' dir='ltr'><strong>verticalis</strong></span> 
     </span>
     <span class='ocr_line' id='line_1_6' title="bbox 274 875 2856 965; baseline 0.002 -27"><span class='ocrx_word' id='word_1_38' title='bbox 274 878 675 958; x_wconf 86' lang='lat' dir='ltr'><strong>membrana,</strong></span> <span class='ocrx_word' id='word_1_39' title='bbox 735 879 1106 960; x_wconf 89' lang='lat' dir='ltr'><strong>plerumque</strong></span> <span class='ocrx_word' id='word_1_40' title='bbox 1161 879 1683 955; x_wconf 70' lang='lat' dir='ltr'><strong>cordato—ovata,</strong></span> <span class='ocrx_word' id='word_1_41' title='bbox 1744 877 1929 959; x_wconf 87' lang='lat' dir='ltr'><strong>quasi</strong></span> <span class='ocrx_word' id='word_1_42' title='bbox 1973 878 2206 958; x_wconf 86' lang='lat' dir='ltr'><strong>stipula</strong></span> <span class='ocrx_word' id='word_1_43' title='bbox 2228 925 2243 948; x_wconf 91' lang='lat'>‚</span> <span class='ocrx_word' id='word_1_44' title='bbox 2301 875 2549 964; x_wconf 65' lang='lat' dir='ltr'><strong>(linyultz</strong></span> <span class='ocrx_word' id='word_1_45' title='bbox 2591 877 2664 942; x_wconf 87' lang='grc' dir='ltr'><strong>Α.</strong></span> <span class='ocrx_word' id='word_1_46' title='bbox 2717 881 2856 965; x_wconf 84' lang='lat' dir='ltr'><strong>Br.)</strong></span> 
     </span>
     <span class='ocr_line' id='line_1_7' title="bbox 271 973 2864 1066; baseline 0.002 -23"><span class='ocrx_word' id='word_1_47' title='bbox 271 983 588 1063; x_wconf 77' lang='lat' dir='ltr'><strong>assurgit,</strong></span> <span class='ocrx_word' id='word_1_48' title='bbox 639 985 821 1063; x_wconf 84' lang='lat' dir='ltr'><strong>cujus</strong></span> <span class='ocrx_word' id='word_1_49' title='bbox 867 981 1041 1045; x_wconf 85' lang='lat' dir='ltr'><strong>basis</strong></span> <span class='ocrx_word' id='word_1_50' title='bbox 1074 983 1517 1065; x_wconf 87' lang='lat' dir='ltr'><strong>hippocrepica</strong></span> <span class='ocrx_word' id='word_1_51' title='bbox 1548 979 1802 1061; x_wconf 83' lang='lat' dir='ltr'><strong>infima,</strong></span> <span class='ocrx_word' id='word_1_52' title='bbox 1851 973 2353 1066; x_wconf 74' lang='lat' dir='ltr'><strong>(qlossopodium),</strong></span> <span class='ocrx_word' id='word_1_53' title='bbox 2406 979 2551 1048; x_wconf 77' lang='lat' dir='ltr'><strong>folio</strong></span> <span class='ocrx_word' id='word_1_54' title='bbox 2583 983 2703 1064; x_wconf 87' lang='lat' dir='ltr'><strong>ipsi</strong></span> <span class='ocrx_word' id='word_1_55' title='bbox 2735 986 2864 1047; x_wconf 89' lang='lat' dir='ltr'><strong>im-</strong></span> 
     </span>
     <span class='ocr_line' id='line_1_8' title="bbox 275 1094 637 1148; baseline 0.003 -3"><span class='ocrx_word' id='word_1_56' title='bbox 275 1103 484 1147; x_wconf 89' lang='lat' dir='ltr'><strong>mersa</strong></span> <span class='ocrx_word' id='word_1_57' title='bbox 517 1094 637 1148; x_wconf 90' lang='lat' dir='ltr'><strong>est.</strong></span> 
     </span>
    </p>
   </div>
   <div class='ocr_carea' id='block_1_4' title="bbox 273 1204 2856 1400">
    <p class='ocr_par' dir='ltr' id='par_1_4' title="bbox 273 1204 2856 1400">
     <span class='ocr_line' id='line_1_9' title="bbox 448 1204 2856 1288; baseline 0 -20"><span class='ocrx_word' id='word_1_58' title='bbox 448 1206 641 1281; x_wconf 77' lang='lat' dir='ltr'><strong>Area,</strong></span> <span class='ocrx_word' id='word_1_59' title='bbox 678 1216 943 1288; x_wconf 84' lang='lat' dir='ltr'><strong>excepto</strong></span> <span class='ocrx_word' id='word_1_60' title='bbox 973 1206 1252 1288; x_wconf 82' lang='lat' dir='ltr'><strong>margine</strong></span> <span class='ocrx_word' id='word_1_61' title='bbox 1283 1206 1544 1288; x_wconf 83' lang='lat' dir='ltr'><strong>vaginae</strong></span> <span class='ocrx_word' id='word_1_62' title='bbox 1578 1204 2094 1280; x_wconf 65' lang='lat' dir='ltr'><strong>membranaceo,</strong></span> <span class='ocrx_word' id='word_1_63' title='bbox 2134 1205 2238 1268; x_wconf 77' lang='lat' dir='ltr'><strong>illa</strong></span> <span class='ocrx_word' id='word_1_64' title='bbox 2270 1224 2423 1287; x_wconf 72' lang='lat' dir='ltr'><strong>pare</strong></span> <span class='ocrx_word' id='word_1_65' title='bbox 2438 1209 2706 1288; x_wconf 76' lang='lat' dir='ltr'><strong>vaginae</strong></span> <span class='ocrx_word' id='word_1_66' title='bbox 2738 1218 2856 1288; x_wconf 90' lang='lat' dir='ltr'><strong>est,</strong></span> 
     </span>
     <span class='ocr_line' id='line_1_10' title="bbox 273 1309 1989 1400; baseline -0.001 -28"><span class='ocrx_word' id='word_1_67' title='bbox 273 1328 438 1390; x_wconf 89' lang='lat' dir='ltr'><strong>quae</strong></span> <span class='ocrx_word' id='word_1_68' title='bbox 470 1312 633 1400; x_wconf 80' lang='lat' dir='ltr'><strong>circa</strong></span> <span class='ocrx_word' id='word_1_69' title='bbox 668 1311 1069 1392; x_wconf 82' lang='lat' dir='ltr'><strong>sporangium</strong></span> <span class='ocrx_word' id='word_1_70' title='bbox 1103 1316 1166 1371; x_wconf 88' lang='lat' dir='ltr'><strong>et</strong></span> <span class='ocrx_word' id='word_1_71' title='bbox 1200 1310 1381 1372; x_wconf 88' lang='lat' dir='ltr'><strong>basin</strong></span> <span class='ocrx_word' id='word_1_72' title='bbox 1411 1309 1688 1390; x_wconf 79' lang='lat' dir='ltr'><strong>lingulae</strong></span> <span class='ocrx_word' id='word_1_73' title='bbox 1717 1310 1838 1371; x_wconf 79' lang='lat' dir='ltr'><strong>sita</strong></span> <span class='ocrx_word' id='word_1_74' title='bbox 1870 1318 1989 1371; x_wconf 77' lang='lat' dir='ltr'><strong>est.</strong></span> 
     </span>
    </p>
   </div>
   <div class='ocr_carea' id='block_1_5' title="bbox 275 1426 2871 2531">
    <p class='ocr_par' dir='ltr' id='par_1_5' title="bbox 275 1426 2871 2531">
     <span class='ocr_line' id='line_1_11' title="bbox 451 1426 2864 1518; baseline 0.001 -27"><span class='ocrx_word' id='word_1_75' title='bbox 451 1431 609 1492; x_wconf 91' lang='lat' dir='ltr'><strong>Folia</strong></span> <span class='ocrx_word' id='word_1_76' title='bbox 642 1443 900 1493; x_wconf 85' lang='lat' dir='ltr'><strong>externa</strong></span> <span class='ocrx_word' id='word_1_77' title='bbox 934 1426 1307 1512; x_wconf 86' lang='lat' dir='ltr'><strong>plerumque</strong></span> <span class='ocrx_word' id='word_1_78' title='bbox 1354 1430 1884 1512; x_wconf 82' lang='lat' dir='ltr'><strong>microsporangia</strong></span> <span class='ocrx_word' id='word_1_79' title='bbox 1909 1477 1922 1504; x_wconf 94' lang='lat'><strong>,</strong></span> <span class='ocrx_word' id='word_1_80' title='bbox 1975 1427 2273 1492; x_wconf 84' lang='lat' dir='ltr'><strong>interiora</strong></span> <span class='ocrx_word' id='word_1_81' title='bbox 2321 1434 2864 1518; x_wconf 84' lang='lat' dir='ltr'><strong>macrosporangia</strong></span> 
     </span>
     <span class='ocr_line' id='line_1_12' title="bbox 275 1531 2869 1614; baseline 0.001 -18"><span class='ocrx_word' id='word_1_82' title='bbox 275 1535 636 1614; x_wconf 79' lang='lat' dir='ltr'><strong>continent,</strong></span> <span class='ocrx_word' id='word_1_83' title='bbox 688 1535 829 1598; x_wconf 85' lang='lat' dir='ltr'><strong>folia</strong></span> <span class='ocrx_word' id='word_1_84' title='bbox 875 1531 1110 1596; x_wconf 90' lang='lat' dir='ltr'><strong>sterilia</strong></span> <span class='ocrx_word' id='word_1_85' title='bbox 1157 1537 1491 1598; x_wconf 85' lang='lat' dir='ltr'><strong>transitum</strong></span> <span class='ocrx_word' id='word_1_86' title='bbox 1538 1535 1705 1596; x_wconf 91' lang='lat' dir='ltr'><strong>inter</strong></span> <span class='ocrx_word' id='word_1_87' title='bbox 1748 1531 1889 1596; x_wconf 84' lang='lat' dir='ltr'><strong>folia</strong></span> <span class='ocrx_word' id='word_1_88' title='bbox 1936 1531 2166 1594; x_wconf 76' lang='lat' dir='ltr'><strong>fertilia</strong></span> <span class='ocrx_word' id='word_1_89' title='bbox 2215 1531 2505 1598; x_wconf 85' lang='lat' dir='ltr'><strong>formant.</strong></span> <span class='ocrx_word' id='word_1_90' title='bbox 2584 1537 2869 1610; x_wconf 86' lang='lat' dir='ltr'><strong>Quatuor</strong></span> 
     </span>
     <span class='ocr_line' id='line_1_13' title="bbox 277 1636 2871 1720; baseline 0.002 -22"><span class='ocrx_word' id='word_1_91' title='bbox 277 1638 543 1708; x_wconf 84' lang='lat' dir='ltr'><strong>lacunae</strong></span> <span class='ocrx_word' id='word_1_92' title='bbox 574 1649 799 1702; x_wconf 77' lang='lat' dir='ltr'><strong>aereae</strong></span> <span class='ocrx_word' id='word_1_93' title='bbox 846 1639 1058 1706; x_wconf 82' lang='lat' dir='ltr'><strong>folium</strong></span> <span class='ocrx_word' id='word_1_94' title='bbox 1095 1645 1509 1720; x_wconf 87' lang='lat' dir='ltr'><strong>percurrunt,</strong></span> <span class='ocrx_word' id='word_1_95' title='bbox 1557 1657 1675 1719; x_wconf 86' lang='lat' dir='ltr'><strong>per</strong></span> <span class='ocrx_word' id='word_1_96' title='bbox 1714 1636 2045 1706; x_wconf 82' lang='lat' dir='ltr'><strong>intervalla</strong></span> <span class='ocrx_word' id='word_1_97' title='bbox 2079 1640 2281 1719; x_wconf 86' lang='lat' dir='ltr'><strong>septis</strong></span> <span class='ocrx_word' id='word_1_98' title='bbox 2314 1640 2694 1712; x_wconf 72' lang='lat' dir='ltr'><strong>transversis</strong></span> <span class='ocrx_word' id='word_1_99' title='bbox 2724 1638 2871 1701; x_wconf 91' lang='lat' dir='ltr'><strong>dis-</strong></span> 
     </span>
     <span class='ocr_line' id='line_1_14' title="bbox 275 1741 2871 1828; baseline 0 -24"><span class='ocrx_word' id='word_1_100' title='bbox 275 1752 525 1818; x_wconf 68' lang='lat' dir='ltr'><strong>cretae,</strong></span> <span class='ocrx_word' id='word_1_101' title='bbox 592 1741 871 1808; x_wconf 86' lang='lat' dir='ltr'><strong>medium</strong></span> <span class='ocrx_word' id='word_1_102' title='bbox 939 1742 1153 1808; x_wconf 83' lang='lat' dir='ltr'><strong>folium</strong></span> <span class='ocrx_word' id='word_1_103' title='bbox 1216 1741 1556 1808; x_wconf 76' lang='lat' dir='ltr'><strong>tasoiculus</strong></span> <span class='ocrx_word' id='word_1_104' title='bbox 1615 1741 1961 1821; x_wconf 81' lang='lat' dir='ltr'><strong>percurrit,</strong></span> <span class='ocrx_word' id='word_1_105' title='bbox 2032 1760 2071 1802; x_wconf 88' lang='lat' dir='ltr'><strong>e</strong></span> <span class='ocrx_word' id='word_1_106' title='bbox 2128 1741 2379 1803; x_wconf 81' lang='lat' dir='ltr'><strong>cellulis</strong></span> <span class='ocrx_word' id='word_1_107' title='bbox 2428 1743 2751 1828; x_wconf 76' lang='lat' dir='ltr'><strong>annulatis</strong></span> <span class='ocrx_word' id='word_1_108' title='bbox 2802 1752 2871 1806; x_wconf 76' lang='lat' dir='ltr'><strong>et</strong></span> 
     </span>
     <span class='ocr_line' id='line_1_15' title="bbox 275 1840 2868 1926; baseline 0 -19"><span class='ocrx_word' id='word_1_109' title='bbox 275 1845 624 1926; x_wconf 69' lang='lat' dir='ltr'><strong>spiralibus</strong></span> <span class='ocrx_word' id='word_1_110' title='bbox 664 1848 1073 1926; x_wconf 77' lang='lat' dir='ltr'><strong>compositus.</strong></span> <span class='ocrx_word' id='word_1_111' title='bbox 1151 1840 1493 1925; x_wconf 69' lang='lat' dir='ltr'><strong>Epidermis</strong></span> <span class='ocrx_word' id='word_1_112' title='bbox 1537 1846 1601 1907; x_wconf 91' lang='lat' dir='ltr'><strong>in</strong></span> <span class='ocrx_word' id='word_1_113' title='bbox 1647 1845 1940 1924; x_wconf 85' lang='lat' dir='ltr'><strong>plurimis</strong></span> <span class='ocrx_word' id='word_1_114' title='bbox 1980 1843 2323 1924; x_wconf 79' lang='lat' dir='ltr'><strong>speciebus</strong></span> <span class='ocrx_word' id='word_1_115' title='bbox 2367 1846 2719 1910; x_wconf 73' lang='lat' dir='ltr'><strong>stomalibus</strong></span> <span class='ocrx_word' id='word_1_116' title='bbox 2757 1848 2868 1908; x_wconf 85' lang='lat' dir='ltr'><strong>in·-</strong></span> 
     </span>
     <span class='ocr_line' id='line_1_16' title="bbox 277 1943 2868 2030; baseline 0.001 -20"><span class='ocrx_word' id='word_1_117' title='bbox 277 1957 520 2011; x_wconf 81' lang='lat' dir='ltr'><strong>structa</strong></span> <span class='ocrx_word' id='word_1_118' title='bbox 551 1957 672 2011; x_wconf 86' lang='lat' dir='ltr'><strong>est.</strong></span> <span class='ocrx_word' id='word_1_119' title='bbox 754 1948 891 2011; x_wconf 87' lang='lat' dir='ltr'><strong>Sub</strong></span> <span class='ocrx_word' id='word_1_120' title='bbox 923 1945 1310 2030; x_wconf 84' lang='lat' dir='ltr'><strong>epldermide</strong></span> <span class='ocrx_word' id='word_1_121' title='bbox 1339 1949 1755 2010; x_wconf 87' lang='lat' dir='ltr'><strong>inveniuntur</strong></span> <span class='ocrx_word' id='word_1_122' title='bbox 1794 1949 1861 2008; x_wconf 94' lang='lat' dir='ltr'><strong>in</strong></span> <span class='ocrx_word' id='word_1_123' title='bbox 1894 1943 2185 2027; x_wconf 81' lang='lat' dir='ltr'><strong>plurimis</strong></span> <span class='ocrx_word' id='word_1_124' title='bbox 2217 1949 2556 2030; x_wconf 84' lang='lat' dir='ltr'><strong>speciebus</strong></span> <span class='ocrx_word' id='word_1_125' title='bbox 2588 1945 2868 2013; x_wconf 77' lang='lat' dir='ltr'><strong>fasciculi</strong></span> 
     </span>
     <span class='ocr_line' id='line_1_17' title="bbox 277 2050 2867 2130; baseline 0.002 -17"><span class='ocrx_word' id='word_1_126' title='bbox 277 2052 531 2119; x_wconf 75' lang='lat' dir='ltr'><strong>librosi:</strong></span> <span class='ocrx_word' id='word_1_127' title='bbox 581 2053 707 2116; x_wconf 89' lang='lat' dir='ltr'><strong>duo</strong></span> <span class='ocrx_word' id='word_1_128' title='bbox 749 2051 1031 2115; x_wconf 81' lang='lat' dir='ltr'><strong>fasciculi</strong></span> <span class='ocrx_word' id='word_1_129' title='bbox 1063 2051 1279 2115; x_wconf 84' lang='lat' dir='ltr'><strong>fibrosi</strong></span> <span class='ocrx_word' id='word_1_130' title='bbox 1318 2050 1684 2116; x_wconf 88' lang='lat' dir='ltr'><strong>validissimi</strong></span> <span class='ocrx_word' id='word_1_131' title='bbox 1730 2050 2107 2130; x_wconf 82' lang='lat' dir='ltr'><strong>cardinales,</strong></span> <span class='ocrx_word' id='word_1_132' title='bbox 2156 2051 2492 2114; x_wconf 83' lang='lat' dir='ltr'><strong>fasciculus</strong></span> <span class='ocrx_word' id='word_1_133' title='bbox 2537 2052 2867 2117; x_wconf 86' lang='lat' dir='ltr'><strong>medianus</strong></span> 
     </span>
     <span class='ocr_line' id='line_1_18' title="bbox 279 2155 2859 2240; baseline 0 -23"><span class='ocrx_word' id='word_1_134' title='bbox 279 2157 590 2217; x_wconf 72' lang='lat' dir='ltr'><strong>venti-alis</strong></span> <span class='ocrx_word' id='word_1_135' title='bbox 637 2166 702 2218; x_wconf 81' lang='lat' dir='ltr'><strong>et</strong></span> <span class='ocrx_word' id='word_1_136' title='bbox 747 2155 1054 2236; x_wconf 79' lang='lat' dir='ltr'><strong>dorsaliS,</strong></span> <span class='ocrx_word' id='word_1_137' title='bbox 1113 2167 1450 2236; x_wconf 84' lang='lat' dir='ltr'><strong>vocantur,</strong></span> <span class='ocrx_word' id='word_1_138' title='bbox 1510 2173 1669 2239; x_wconf 89' lang='lat' dir='ltr'><strong>quos</strong></span> <span class='ocrx_word' id='word_1_139' title='bbox 1720 2156 2003 2218; x_wconf 81' lang='lat' dir='ltr'><strong>fasciculi</strong></span> <span class='ocrx_word' id='word_1_140' title='bbox 2058 2156 2433 2239; x_wconf 72' lang='lat' dir='ltr'><strong>marqinales</strong></span> <span class='ocrx_word' id='word_1_141' title='bbox 2485 2165 2859 2240; x_wconf 87' lang='lat' dir='ltr'><strong>sequuntur,</strong></span> 
     </span>
     <span class='ocr_line' id='line_1_19' title="bbox 277 2249 2869 2342; baseline 0.002 -24"><span class='ocrx_word' id='word_1_142' title='bbox 277 2249 601 2338; x_wconf 74' lang='lat' dir='ltr'><strong>prioribus</strong></span> <span class='ocrx_word' id='word_1_143' title='bbox 633 2258 1055 2323; x_wconf 83' lang='lat' dir='ltr'><strong>crassitudine</strong></span> <span class='ocrx_word' id='word_1_144' title='bbox 1089 2259 1218 2321; x_wconf 75' lang='lat' dir='ltr'><strong>iere</strong></span> <span class='ocrx_word' id='word_1_145' title='bbox 1249 2261 1456 2342; x_wconf 89' lang='lat' dir='ltr'><strong>aequi.</strong></span> <span class='ocrx_word' id='word_1_146' title='bbox 1542 2258 1626 2323; x_wconf 83' lang='lat' dir='ltr'><strong>At</strong></span> <span class='ocrx_word' id='word_1_147' title='bbox 1664 2261 1861 2321; x_wconf 89' lang='lat' dir='ltr'><strong>latera</strong></span> <span class='ocrx_word' id='word_1_148' title='bbox 1910 2257 2081 2320; x_wconf 92' lang='lat' dir='ltr'><strong>dorsi</strong></span> <span class='ocrx_word' id='word_1_149' title='bbox 2127 2279 2315 2341; x_wconf 89' lang='lat' dir='ltr'><strong>saepe</strong></span> <span class='ocrx_word' id='word_1_150' title='bbox 2357 2257 2543 2323; x_wconf 88' lang='lat' dir='ltr'><strong>etiam</strong></span> <span class='ocrx_word' id='word_1_151' title='bbox 2589 2253 2869 2324; x_wconf 80' lang='lat' dir='ltr'><strong>fasciculi</strong></span> 
     </span>
     <span class='ocr_line' id='line_1_20' title="bbox 276 2360 2869 2445; baseline 0.003 -25"><span class='ocrx_word' id='word_1_152' title='bbox 276 2363 600 2426; x_wconf 80' lang='lat' dir='ltr'><strong>tenuiores</strong></span> <span class='ocrx_word' id='word_1_153' title='bbox 653 2361 971 2445; x_wconf 82' lang='lat' dir='ltr'><strong>(laterales)</strong></span> <span class='ocrx_word' id='word_1_154' title='bbox 1021 2361 1456 2427; x_wconf 88' lang='lat' dir='ltr'><strong>inveniuntur.</strong></span> <span class='ocrx_word' id='word_1_155' title='bbox 1536 2364 1704 2425; x_wconf 90' lang='lat' dir='ltr'><strong>lnter</strong></span> <span class='ocrx_word' id='word_1_156' title='bbox 1749 2363 1861 2425; x_wconf 83' lang='lat' dir='ltr'><strong>bos</strong></span> <span class='ocrx_word' id='word_1_157' title='bbox 1890 2360 2216 2442; x_wconf 74' lang='lat' dir='ltr'><strong>fasciculos</strong></span> <span class='ocrx_word' id='word_1_158' title='bbox 2239 2362 2491 2443; x_wconf 70' lang='lat' dir='ltr'><strong>fibrosos</strong></span> <span class='ocrx_word' id='word_1_159' title='bbox 2527 2362 2869 2427; x_wconf 80' lang='lat' dir='ltr'><strong>cardinales</strong></span> 
     </span>
     <span class='ocr_line' id='line_1_21' title="bbox 275 2461 2200 2531; baseline 0.002 -6"><span class='ocrx_word' id='word_1_160' title='bbox 275 2467 490 2528; x_wconf 85' lang='lat' dir='ltr'><strong>minus</strong></span> <span class='ocrx_word' id='word_1_161' title='bbox 523 2464 808 2531; x_wconf 80' lang='lat' dir='ltr'><strong>distincti</strong></span> <span class='ocrx_word' id='word_1_162' title='bbox 841 2465 1222 2530; x_wconf 84' lang='lat' dir='ltr'><strong>observandi</strong></span> <span class='ocrx_word' id='word_1_163' title='bbox 1255 2461 1573 2530; x_wconf 77' lang='lat' dir='ltr'><strong>interdum</strong></span> <span class='ocrx_word' id='word_1_164' title='bbox 1607 2467 1820 2529; x_wconf 65' lang='lat'><strong>6-2-30</strong></span> <span class='ocrx_word' id='word_1_165' title='bbox 1854 2467 2200 2529; x_wconf 65' lang='lat' dir='ltr'><strong>accesseris.</strong></span> 
     </span>
    </p>
   </div>
   <div class='ocr_carea' id='block_1_6' title="bbox 281 2575 2873 2780">
    <p class='ocr_par' dir='ltr' id='par_1_6' title="bbox 281 2575 2873 2780">
     <span class='ocr_line' id='line_1_22' title="bbox 451 2575 2873 2674; baseline 0.002 -26"><span class='ocrx_word' id='word_1_166' title='bbox 451 2588 900 2674; x_wconf 64' lang='lat' dir='ltr'><strong>Macrosporae</strong></span> <span class='ocrx_word' id='word_1_167' title='bbox 932 2589 1104 2651; x_wconf 87' lang='lat' dir='ltr'><strong>striis</strong></span> <span class='ocrx_word' id='word_1_168' title='bbox 1137 2587 1341 2652; x_wconf 88' lang='lat' dir='ltr'><strong>tribus</strong></span> <span class='ocrx_word' id='word_1_169' title='bbox 1375 2598 1661 2664; x_wconf 89' lang='lat' dir='ltr'><strong>notatae,</strong></span> <span class='ocrx_word' id='word_1_170' title='bbox 1713 2585 2101 2665; x_wconf 87' lang='lat' dir='ltr'><strong>tetraedrae,</strong></span> <span class='ocrx_word' id='word_1_171' title='bbox 2156 2599 2619 2667; x_wconf 79' lang='lat' dir='ltr'><strong>componuntur</strong></span> <span class='ocrx_word' id='word_1_172' title='bbox 2648 2608 2685 2656; x_wconf 87' lang='lat' dir='ltr'><strong>e</strong></span> <span class='ocrx_word' id='word_1_173' title='bbox 2710 2575 2873 2668; x_wconf 75' lang='lat' dir='ltr'><strong>facie</strong></span> 
     </span>
     <span class='ocr_line' id='line_1_23' title="bbox 281 2687 2867 2780; baseline 0.002 -30"><span class='ocrx_word' id='word_1_174' title='bbox 281 2671 563 2754; x_wconf 84' lang='lat' dir='ltr'><strong>convexa</strong></span> <span class='ocrx_word' id='word_1_175' title='bbox 599 2694 803 2756; x_wconf 83' lang='lat' dir='ltr'><strong>basali</strong></span> <span class='ocrx_word' id='word_1_176' title='bbox 830 2701 893 2758; x_wconf 85' lang='lat' dir='ltr'><strong>et</strong></span> <span class='ocrx_word' id='word_1_177' title='bbox 923 2712 955 2755; x_wconf 92' lang='lat' dir='ltr'><strong>e</strong></span> <span class='ocrx_word' id='word_1_178' title='bbox 989 2687 1269 2755; x_wconf 81' lang='lat' dir='ltr'><strong>faciebus</strong></span> <span class='ocrx_word' id='word_1_179' title='bbox 1299 2694 1579 2771; x_wconf 80' lang='lat' dir='ltr'><strong>verticis3</strong></span> <span class='ocrx_word' id='word_1_180' title='bbox 1630 2690 1842 2780; x_wconf 74' lang='lat' dir='ltr'><strong>anyuli</strong></span> <span class='ocrx_word' id='word_1_181' title='bbox 1862 2687 2241 2774; x_wconf 73' lang='lat' dir='ltr'><strong>maryinales</strong></span> <span class='ocrx_word' id='word_1_182' title='bbox 2272 2692 2612 2778; x_wconf 80' lang='lat' dir='ltr'><strong>sejungunt</strong></span> <span class='ocrx_word' id='word_1_183' title='bbox 2644 2689 2867 2764; x_wconf 72' lang='lat' dir='ltr'><strong>faciem</strong></span> 
     </span>
    </p>
   </div>
   <div class='ocr_carea' id='block_1_7' title="bbox 278 2783 2870 2963">
    <p class='ocr_par' dir='ltr' id='par_1_7' title="bbox 278 2783 2870 2963">
     <span class='ocr_line' id='line_1_24' title="bbox 280 2783 2870 2880; baseline 0.002 -26"><span class='ocrx_word' id='word_1_184' title='bbox 280 2794 560 2857; x_wconf 84' lang='lat' dir='ltr'><strong>basa&#39;lem</strong></span> <span class='ocrx_word' id='word_1_185' title='bbox 606 2816 637 2858; x_wconf 88' lang='lat' dir='ltr'><strong>a</strong></span> <span class='ocrx_word' id='word_1_186' title='bbox 683 2794 1013 2860; x_wconf 77' lang='lat' dir='ltr'><strong>faciebus‘</strong></span> <span class='ocrx_word' id='word_1_187' title='bbox 1012 2797 1308 2873; x_wconf 84' lang='lat' dir='ltr'><strong>verticis;</strong></span> <span class='ocrx_word' id='word_1_188' title='bbox 1359 2798 1574 2880; x_wconf 78' lang='lat' dir='ltr'><strong>anguli</strong></span> <span class='ocrx_word' id='word_1_189' title='bbox 1615 2795 1738 2859; x_wconf 91' lang='lat' dir='ltr'><strong>sub</strong></span> <span class='ocrx_word' id='word_1_190' title='bbox 1788 2795 1984 2860; x_wconf 82' lang='lat' dir='ltr'><strong>forma</strong></span> <span class='ocrx_word' id='word_1_191' title='bbox 2032 2801 2347 2858; x_wconf 87' lang='lat' dir='ltr'><strong>costarum</strong></span> <span class='ocrx_word' id='word_1_192' title='bbox 2388 2794 2533 2875; x_wconf 90' lang='lat' dir='ltr'><strong>plus</strong></span> <span class='ocrx_word' id='word_1_193' title='bbox 2579 2783 2870 2866; x_wconf 80' lang='lat' dir='ltr'><strong>minusve</strong></span> 
     </span>
     <span class='ocr_line' id='line_1_25' title="bbox 278 2899 893 2963; baseline 0.007 -5"><span class='ocrx_word' id='word_1_194' title='bbox 278 2899 552 2961; x_wconf 89' lang='lat' dir='ltr'><strong>altarum</strong></span> <span class='ocrx_word' id='word_1_195' title='bbox 585 2902 893 2963; x_wconf 82' lang='lat' dir='ltr'><strong>existunt.</strong></span> 
     </span>
    </p>
   </div>
   <div class='ocr_carea' id='block_1_8' title="bbox 280 3017 2874 4018">
    <p class='ocr_par' dir='ltr' id='par_1_8' title="bbox 281 3017 2872 3212">
     <span class='ocr_line' id='line_1_26' title="bbox 455 3017 2872 3104; baseline -0.002 -21"><span class='ocrx_word' id='word_1_196' title='bbox 455 3023 884 3104; x_wconf 69' lang='lat' dir='ltr'><strong>nicronporae</strong></span> <span class='ocrx_word' id='word_1_197' title='bbox 916 3023 1233 3104; x_wconf 79' lang='lat' dir='ltr'><strong>trigonae,</strong></span> <span class='ocrx_word' id='word_1_198' title='bbox 1273 3021 1428 3086; x_wconf 85' lang='lat' dir='ltr'><strong>stria</strong></span> <span class='ocrx_word' id='word_1_199' title='bbox 1463 3019 1741 3086; x_wconf 84' lang='lat' dir='ltr'><strong>solitaria</strong></span> <span class='ocrx_word' id='word_1_200' title='bbox 1775 3026 2050 3086; x_wconf 85' lang='lat' dir='ltr'><strong>notatae.</strong></span> <span class='ocrx_word' id='word_1_201' title='bbox 2108 3017 2362 3088; x_wconf 82' lang='lat' dir='ltr'><strong>Praeter</strong></span> <span class='ocrx_word' id='word_1_202' title='bbox 2388 3017 2541 3100; x_wconf 80' lang='lat' dir='ltr'><strong>folia</strong></span> <span class='ocrx_word' id='word_1_203' title='bbox 2568 3022 2872 3092; x_wconf 68' lang='lat' dir='ltr'><strong>mrmalia</strong></span> 
     </span>
     <span class='ocr_line' id='line_1_27' title="bbox 281 3123 2428 3212; baseline 0.001 -28"><span class='ocrx_word' id='word_1_204' title='bbox 281 3125 347 3184; x_wconf 91' lang='lat' dir='ltr'><strong>in</strong></span> <span class='ocrx_word' id='word_1_205' title='bbox 381 3126 715 3206; x_wconf 83' lang='lat' dir='ltr'><strong>speciebus</strong></span> <span class='ocrx_word' id='word_1_206' title='bbox 748 3127 1070 3192; x_wconf 86' lang='lat' dir='ltr'><strong>nonnullis</strong></span> <span class='ocrx_word' id='word_1_207' title='bbox 1102 3123 1432 3212; x_wconf 82' lang='lat' dir='ltr'><strong>phyllades</strong></span> <span class='ocrx_word' id='word_1_208' title='bbox 1464 3134 1528 3188; x_wconf 88' lang='lat' dir='ltr'><strong>et</strong></span> <span class='ocrx_word' id='word_1_209' title='bbox 1556 3123 1956 3212; x_wconf 78' lang='lat' dir='ltr'><strong>phyllopodia</strong></span> <span class='ocrx_word' id='word_1_210' title='bbox 1984 3124 2428 3200; x_wconf 77' lang='lat' dir='ltr'><strong>inveniuntur.</strong></span> 
     </span>
    </p>

    <p class='ocr_par' dir='ltr' id='par_1_9' title="bbox 280 3227 2874 4018">
     <span class='ocr_line' id='line_1_28' title="bbox 456 3227 2871 3314; baseline 0.002 -23"><span class='ocrx_word' id='word_1_211' title='bbox 456 3231 807 3312; x_wconf 72' lang='lat' dir='ltr'><strong>Phyuadea</strong></span> <span class='ocrx_word' id='word_1_212' title='bbox 850 3229 995 3296; x_wconf 85' lang='lat' dir='ltr'><strong>folia</strong></span> <span class='ocrx_word' id='word_1_213' title='bbox 1041 3230 1280 3293; x_wconf 86' lang='lat' dir='ltr'><strong>sterilia</strong></span> <span class='ocrx_word' id='word_1_214' title='bbox 1327 3231 1392 3294; x_wconf 91' lang='lat' dir='ltr'><strong>in</strong></span> <span class='ocrx_word' id='word_1_215' title='bbox 1443 3227 1782 3314; x_wconf 89' lang='lat' dir='ltr'><strong>speciebus</strong></span> <span class='ocrx_word' id='word_1_216' title='bbox 1828 3227 2146 3310; x_wconf 81' lang='lat' dir='ltr'><strong>nonnullis</strong></span> <span class='ocrx_word' id='word_1_217' title='bbox 2200 3227 2640 3312; x_wconf 83' lang='lat' dir='ltr'><strong>appellantur,</strong></span> <span class='ocrx_word' id='word_1_218' title='bbox 2705 3248 2871 3311; x_wconf 64' lang='lat' dir='ltr'><strong>qnae</strong></span> 
     </span>
     <span class='ocr_line' id='line_1_29' title="bbox 280 3323 2874 3418; baseline 0.001 -24"><span class='ocrx_word' id='word_1_219' title='bbox 280 3323 616 3395; x_wconf 75' lang='lat' dir='ltr'><strong>&#39;transitum</strong></span> <span class='ocrx_word' id='word_1_220' title='bbox 667 3336 831 3395; x_wconf 88' lang='lat' dir='ltr'><strong>inter</strong></span> <span class='ocrx_word' id='word_1_221' title='bbox 859 3333 1016 3400; x_wconf 70' lang='lat' dir='ltr'><strong>¹folia</strong></span> <span class='ocrx_word' id='word_1_222' title='bbox 1066 3333 1632 3418; x_wconf 80' lang='lat' dir='ltr'><strong>macrosporangiis</strong></span> <span class='ocrx_word' id='word_1_223' title='bbox 1674 3343 1735 3396; x_wconf 78' lang='grc' dir='ltr'><strong>οι</strong></span> <span class='ocrx_word' id='word_1_224' title='bbox 1782 3333 1949 3398; x_wconf 85' lang='lat' dir='ltr'><strong>inter</strong></span> <span class='ocrx_word' id='word_1_225' title='bbox 1990 3331 2136 3398; x_wconf 83' lang='lat' dir='ltr'><strong>folia</strong></span> <span class='ocrx_word' id='word_1_226' title='bbox 2182 3331 2732 3414; x_wconf 72' lang='lat' dir='ltr'><strong>microsporangiis</strong></span> <span class='ocrx_word' id='word_1_227' title='bbox 2763 3335 2874 3398; x_wconf 82' lang='lat' dir='ltr'><strong>in·-</strong></span> 
     </span>
     <span class='ocr_line' id='line_1_30' title="bbox 284 3434 2866 3518; baseline 0.002 -22"><span class='ocrx_word' id='word_1_228' title='bbox 284 3443 522 3496; x_wconf 87' lang='lat' dir='ltr'><strong>structa</strong></span> <span class='ocrx_word' id='word_1_229' title='bbox 552 3437 854 3516; x_wconf 88' lang='lat' dir='ltr'><strong>formant;</strong></span> <span class='ocrx_word' id='word_1_230' title='bbox 884 3438 1112 3500; x_wconf 89' lang='lat' dir='ltr'><strong>lamina</strong></span> <span class='ocrx_word' id='word_1_231' title='bbox 1143 3437 1268 3499; x_wconf 81' lang='lat' dir='ltr'><strong>folii</strong></span> <span class='ocrx_word' id='word_1_232' title='bbox 1294 3439 1460 3498; x_wconf 91' lang='lat' dir='ltr'><strong>enim</strong></span> <span class='ocrx_word' id='word_1_233' title='bbox 1486 3436 1809 3499; x_wconf 88' lang='lat' dir='ltr'><strong>evanescit</strong></span> <span class='ocrx_word' id='word_1_234' title='bbox 1835 3444 1897 3496; x_wconf 91' lang='lat' dir='ltr'><strong>et</strong></span> <span class='ocrx_word' id='word_1_235' title='bbox 1919 3435 2122 3497; x_wconf 90' lang='lat' dir='ltr'><strong>solum</strong></span> <span class='ocrx_word' id='word_1_236' title='bbox 2152 3436 2378 3518; x_wconf 72' lang='lat' dir='ltr'><strong>vagina</strong></span> <span class='ocrx_word' id='word_1_237' title='bbox 2406 3434 2534 3500; x_wconf 89' lang='lat' dir='ltr'><strong>folii</strong></span> <span class='ocrx_word' id='word_1_238' title='bbox 2560 3446 2866 3518; x_wconf 80' lang='lat' dir='ltr'><strong>remanet,</strong></span> 
     </span>
     <span class='ocr_line' id='line_1_31' title="bbox 284 3536 2873 3624; baseline 0.002 -27"><span class='ocrx_word' id='word_1_239' title='bbox 284 3536 577 3604; x_wconf 80' lang='lat' dir='ltr'><strong>indurata</strong></span> <span class='ocrx_word' id='word_1_240' title='bbox 626 3541 691 3604; x_wconf 85' lang='lat' dir='ltr'><strong>in</strong></span> <span class='ocrx_word' id='word_1_241' title='bbox 736 3560 1064 3624; x_wconf 79' lang='lat' dir='ltr'><strong>squamam</strong></span> <span class='ocrx_word' id='word_1_242' title='bbox 1115 3540 1536 3613; x_wconf 83' lang='lat' dir='ltr'><strong>atrofuscam‚</strong></span> <span class='ocrx_word' id='word_1_243' title='bbox 1585 3540 1983 3604; x_wconf 83' lang='lat' dir='ltr'><strong>chartaceam</strong></span> <span class='ocrx_word' id='word_1_244' title='bbox 2030 3538 2073 3604; x_wconf 84' lang='lat'><strong>1.</strong></span> <span class='ocrx_word' id='word_1_245' title='bbox 2120 3538 2606 3622; x_wconf 68' lang='lat' dir='ltr'><strong>cartilaginqaq.</strong></span> <span class='ocrx_word' id='word_1_246' title='bbox 2684 3538 2873 3621; x_wconf 83' lang='lat' dir='ltr'><strong>Apud</strong></span> 
     </span>
     <span class='ocr_line' id='line_1_32' title="bbox 284 3641 2873 3729; baseline 0 -26"><span class='ocrx_word' id='word_1_247' title='bbox 284 3643 624 3729; x_wconf 79' lang='lat' dir='ltr'><strong>nonnullas</strong></span> <span class='ocrx_word' id='word_1_248' title='bbox 654 3647 897 3725; x_wconf 82' lang='lat' dir='ltr'><strong>species</strong></span> <span class='ocrx_word' id='word_1_249' title='bbox 931 3645 1072 3712; x_wconf 83' lang='lat' dir='ltr'><strong>folia</strong></span> <span class='ocrx_word' id='word_1_250' title='bbox 1109 3645 1409 3712; x_wconf 85' lang='lat' dir='ltr'><strong>normalia</strong></span> <span class='ocrx_word' id='word_1_251' title='bbox 1438 3643 1875 3728; x_wconf 67' lang='lat' dir='ltr'><strong>playnopodiis</strong></span> <span class='ocrx_word' id='word_1_252' title='bbox 1908 3641 2405 3716; x_wconf 76' lang='lat' dir='ltr'><strong>circumdantur.</strong></span> <span class='ocrx_word' id='word_1_253' title='bbox 2484 3643 2648 3710; x_wconf 74' lang='lat' dir='ltr'><strong>Haec</strong></span> <span class='ocrx_word' id='word_1_254' title='bbox 2677 3643 2873 3725; x_wconf 75' lang='lat' dir='ltr'><strong>phyl-</strong></span> 
     </span>
     <span class='ocr_line' id='line_1_33' title="bbox 284 3729 2874 3825; baseline 0.002 -20"><span class='ocrx_word' id='word_1_255' title='bbox 284 3744 533 3825; x_wconf 87' lang='lat' dir='ltr'><strong>lopodia</strong></span> <span class='ocrx_word' id='word_1_256' title='bbox 565 3735 600 3808; x_wconf 79' lang='lat' dir='ltr'><strong>e</strong></span> <span class='ocrx_word' id='word_1_257' title='bbox 632 3747 796 3810; x_wconf 91' lang='lat' dir='ltr'><strong>foliis</strong></span> <span class='ocrx_word' id='word_1_258' title='bbox 830 3729 1220 3810; x_wconf 89' lang='lat' dir='ltr'><strong>normalibus</strong></span> <span class='ocrx_word' id='word_1_259' title='bbox 1252 3749 1566 3809; x_wconf 86' lang='lat' dir='ltr'><strong>oriuntur.</strong></span> <span class='ocrx_word' id='word_1_260' title='bbox 1646 3748 1901 3808; x_wconf 90' lang='lat' dir='ltr'><strong>Lamina</strong></span> <span class='ocrx_word' id='word_1_261' title='bbox 1945 3763 2159 3807; x_wconf 90' lang='lat' dir='ltr'><strong>eorum</strong></span> <span class='ocrx_word' id='word_1_262' title='bbox 2207 3745 2372 3805; x_wconf 92' lang='lat' dir='ltr'><strong>enim</strong></span> <span class='ocrx_word' id='word_1_263' title='bbox 2416 3763 2489 3806; x_wconf 93' lang='lat' dir='ltr'><strong>eo</strong></span> <span class='ocrx_word' id='word_1_264' title='bbox 2534 3744 2874 3824; x_wconf 63' lang='lat' dir='ltr'><strong>mododen</strong></span> 
     </span>
     <span class='ocr_line' id='line_1_34' title="bbox 283 3846 2874 3934; baseline 0.002 -25"><span class='ocrx_word' id='word_1_265' title='bbox 283 3846 472 3930; x_wconf 88' lang='lat' dir='ltr'><strong>cidit,</strong></span> <span class='ocrx_word' id='word_1_266' title='bbox 523 3858 594 3918; x_wconf 85' lang='lat' dir='ltr'><strong>ut</strong></span> <span class='ocrx_word' id='word_1_267' title='bbox 634 3851 763 3920; x_wconf 87' lang='lat' dir='ltr'><strong>sola</strong></span> <span class='ocrx_word' id='word_1_268' title='bbox 799 3851 972 3915; x_wconf 87' lang='lat' dir='ltr'><strong>basis</strong></span> <span class='ocrx_word' id='word_1_269' title='bbox 1014 3851 1302 3916; x_wconf 84' lang='lat' dir='ltr'><strong>foliorum</strong></span> <span class='ocrx_word' id='word_1_270' title='bbox 1346 3848 1870 3934; x_wconf 72' lang='lat' dir='ltr'><strong>squamaeformis</strong></span> <span class='ocrx_word' id='word_1_271' title='bbox 1903 3848 2231 3922; x_wconf 76' lang='lat' dir='ltr'><strong>indurata,</strong></span> <span class='ocrx_word' id='word_1_272' title='bbox 2283 3865 2548 3930; x_wconf 69' lang='lat' dir='ltr'><strong>cornea,</strong></span> <span class='ocrx_word' id='word_1_273' title='bbox 2596 3848 2778 3930; x_wconf 70' lang='lat' dir='ltr'><strong>nigra</strong></span> <span class='ocrx_word' id='word_1_274' title='bbox 2810 3859 2874 3913; x_wconf 91' lang='lat' dir='ltr'><strong>et</strong></span> 
     </span>
     <span class='ocr_line' id='line_1_35' title="bbox 283 3953 1320 4018; baseline 0 -6"><span class='ocrx_word' id='word_1_275' title='bbox 283 3954 459 4015; x_wconf 86' lang='lat' dir='ltr'><strong>vario</strong></span> <span class='ocrx_word' id='word_1_276' title='bbox 492 3953 677 4016; x_wconf 93' lang='lat' dir='ltr'><strong>modo</strong></span> <span class='ocrx_word' id='word_1_277' title='bbox 709 3965 949 4018; x_wconf 84' lang='lat' dir='ltr'><strong>armata</strong></span> <span class='ocrx_word' id='word_1_278' title='bbox 981 3961 1320 4018; x_wconf 88' lang='lat' dir='ltr'><strong>remaneat.</strong></span> 
     </span>
    </p>
   </div>
   <div class='ocr_carea' id='block_1_9' title="bbox 284 4072 2877 4870">
    <p class='ocr_par' dir='ltr' id='par_1_10' title="bbox 284 4072 2875 4660">
     <span class='ocr_line' id='line_1_36' title="bbox 459 4072 2873 4158; baseline -0.002 -18"><span class='ocrx_word' id='word_1_279' title='bbox 459 4073 715 4148; x_wconf 65' lang='lat' dir='ltr'><strong>comus</strong></span> <span class='ocrx_word' id='word_1_280' title='bbox 759 4076 1013 4158; x_wconf 79' lang='lat' dir='ltr'><strong>plantae</strong></span> <span class='ocrx_word' id='word_1_281' title='bbox 1058 4094 1174 4157; x_wconf 81' lang='lat' dir='ltr'><strong>pro</strong></span> <span class='ocrx_word' id='word_1_282' title='bbox 1219 4074 1490 4148; x_wconf 64' lang='lat' dir='ltr'><strong>maxime</strong></span> <span class='ocrx_word' id='word_1_283' title='bbox 1532 4082 1711 4155; x_wconf 81' lang='lat' dir='ltr'><strong>parte</strong></span> <span class='ocrx_word' id='word_1_284' title='bbox 1757 4094 1792 4136; x_wconf 84' lang='lat' dir='ltr'><strong>e</strong></span> <span class='ocrx_word' id='word_1_285' title='bbox 1836 4072 2326 4156; x_wconf 63' lang='lat' dir='ltr'><strong>pai-anonymam</strong></span> <span class='ocrx_word' id='word_1_286' title='bbox 2378 4072 2589 4154; x_wconf 65' lang='lat' dir='ltr'><strong>amylo</strong></span> <span class='ocrx_word' id='word_1_287' title='bbox 2628 4073 2873 4155; x_wconf 82' lang='lat' dir='ltr'><strong>repleto</strong></span> 
     </span>
     <span class='ocr_line' id='line_1_37' title="bbox 284 4177 2875 4262; baseline -0.005 -10"><span class='ocrx_word' id='word_1_288' title='bbox 284 4180 716 4260; x_wconf 59' lang='lat' dir='ltr'><strong>componitun</strong></span> <span class='ocrx_word' id='word_1_289' title='bbox 763 4179 828 4256; x_wconf 70' lang='lat' dir='ltr'><strong>in</strong></span> <span class='ocrx_word' id='word_1_290' title='bbox 859 4177 1074 4254; x_wconf 62' lang='lat' dir='ltr'><strong>medio</strong></span> <span class='ocrx_word' id='word_1_291' title='bbox 1101 4198 1310 4246; x_wconf 76' lang='lat' dir='ltr'><strong>onrmo</strong></span> <span class='ocrx_word' id='word_1_292' title='bbox 1337 4196 1571 4259; x_wconf 68' lang='lat' dir='ltr'><strong>eorpus</strong></span> <span class='ocrx_word' id='word_1_293' title='bbox 1604 4178 1978 4258; x_wconf 70' lang='lat' dir='ltr'><strong>oblongum,</strong></span> <span class='ocrx_word' id='word_1_294' title='bbox 2029 4177 2334 4246; x_wconf 68' lang='lat' dir='ltr'><strong>fluvidum</strong></span> <span class='ocrx_word' id='word_1_295' title='bbox 2366 4180 2715 4262; x_wconf 66' lang='lat' dir='ltr'><strong>lignosum,</strong></span> <span class='ocrx_word' id='word_1_296' title='bbox 2762 4177 2875 4239; x_wconf 66' lang='lat' dir='ltr'><strong>in-</strong></span> 
     </span>
     <span class='ocr_line' id='line_1_38' title="bbox 287 4280 2875 4364; baseline -0.002 -16"><span class='ocrx_word' id='word_1_297' title='bbox 287 4280 460 4352; x_wconf 72' lang='lat' dir='ltr'><strong>forne</strong></span> <span class='ocrx_word' id='word_1_298' title='bbox 475 4282 904 4364; x_wconf 70' lang='lat' dir='ltr'><strong>semilunare,</strong></span> <span class='ocrx_word' id='word_1_299' title='bbox 917 4285 1280 4364; x_wconf 68' lang='lat' dir='ltr'><strong>praecipue</strong></span> <span class='ocrx_word' id='word_1_300' title='bbox 1305 4301 1345 4352; x_wconf 84' lang='lat' dir='ltr'><strong>e</strong></span> <span class='ocrx_word' id='word_1_301' title='bbox 1377 4282 1620 4354; x_wconf 80' lang='lat' dir='ltr'><strong>cellulis</strong></span> <span class='ocrx_word' id='word_1_302' title='bbox 1650 4280 2076 4362; x_wconf 76' lang='lat' dir='ltr'><strong>abbreviatis,</strong></span> <span class='ocrx_word' id='word_1_303' title='bbox 2115 4282 2593 4358; x_wconf 80' lang='lat' dir='ltr'><strong>fusiformibus,</strong></span> <span class='ocrx_word' id='word_1_304' title='bbox 2629 4281 2875 4344; x_wconf 69' lang='lat' dir='ltr'><strong>retim-</strong></span> 
     </span>
     <span class='ocr_line' id='line_1_39' title="bbox 286 4375 2871 4468; baseline -0.001 -20"><span class='ocrx_word' id='word_1_305' title='bbox 286 4385 431 4454; x_wconf 77' lang='lat' dir='ltr'><strong>latis</strong></span> <span class='ocrx_word' id='word_1_306' title='bbox 472 4395 550 4452; x_wconf 82' lang='lat' dir='ltr'><strong>et</strong></span> <span class='ocrx_word' id='word_1_307' title='bbox 579 4385 922 4468; x_wconf 72' lang='lat' dir='ltr'><strong>spiralibus</strong></span> <span class='ocrx_word' id='word_1_308' title='bbox 957 4375 1298 4458; x_wconf 64' lang='lat' dir='ltr'><strong>formatum</strong></span> <span class='ocrx_word' id='word_1_309' title='bbox 1341 4395 1544 4450; x_wconf 66' lang='lat' dir='ltr'><strong>sueto</strong></span> <span class='ocrx_word' id='word_1_310' title='bbox 1595 4386 1892 4456; x_wconf 64' lang='lat' dir='ltr'><strong>cambion</strong></span> <span class='ocrx_word' id='word_1_311' title='bbox 1945 4384 2407 4455; x_wconf 73' lang='lat' dir='ltr'><strong>circumdatum</strong></span> <span class='ocrx_word' id='word_1_312' title='bbox 2468 4386 2871 4449; x_wconf 73' lang='lat' dir='ltr'><strong>observatur..</strong></span> 
     </span>
     <span class='ocr_line' id='line_1_40' title="bbox 284 4485 2873 4571; baseline 0 -21"><span class='ocrx_word' id='word_1_313' title='bbox 284 4490 384 4557; x_wconf 79' lang='lat' dir='ltr'><strong>Ex</strong></span> <span class='ocrx_word' id='word_1_314' title='bbox 438 4490 566 4556; x_wconf 78' lang='lat' dir='ltr'><strong>boc</strong></span> <span class='ocrx_word' id='word_1_315' title='bbox 618 4491 786 4571; x_wconf 75' lang='lat' dir='ltr'><strong>liguo</strong></span> <span class='ocrx_word' id='word_1_316' title='bbox 845 4488 1135 4568; x_wconf 78' lang='lat' dir='ltr'><strong>radiatim</strong></span> <span class='ocrx_word' id='word_1_317' title='bbox 1196 4509 1382 4558; x_wconf 71' lang='lat' dir='ltr'><strong>arcus</strong></span> <span class='ocrx_word' id='word_1_318' title='bbox 1439 4487 1737 4556; x_wconf 80' lang='lat' dir='ltr'><strong>deorsum</strong></span> <span class='ocrx_word' id='word_1_319' title='bbox 1784 4489 1872 4556; x_wconf 65' lang='lat' dir='ltr'><strong>ad</strong></span> <span class='ocrx_word' id='word_1_320' title='bbox 1926 4490 2206 4567; x_wconf 75' lang='lat' dir='ltr'><strong>radices,</strong></span> <span class='ocrx_word' id='word_1_321' title='bbox 2268 4507 2528 4554; x_wconf 75' lang='lat' dir='ltr'><strong>sursum</strong></span> <span class='ocrx_word' id='word_1_322' title='bbox 2582 4485 2670 4551; x_wconf 87' lang='lat' dir='ltr'><strong>ad</strong></span> <span class='ocrx_word' id='word_1_323' title='bbox 2729 4487 2873 4551; x_wconf 74' lang='lat' dir='ltr'><strong>folia</strong></span> 
     </span>
     <span class='ocr_line' id='line_1_41' title="bbox 286 4591 1853 4660; baseline -0.006 0"><span class='ocrx_word' id='word_1_324' title='bbox 286 4591 551 4660; x_wconf 70' lang='lat' dir='ltr'><strong>abeunt.</strong></span> <span class='ocrx_word' id='word_1_325' title='bbox 1846 4643 1853 4650; x_wconf 92' lang='lat'><em>.</em></span> 
     </span>
    </p>

    <p class='ocr_par' dir='ltr' id='par_1_11' title="bbox 287 4658 2877 4870">
     <span class='ocr_line' id='line_1_42' title="bbox 401 4658 2877 4778; baseline -0.003 -17.844"><span class='ocrx_word' id='word_1_326' title='bbox 401 4661 743 4778; x_wconf 62' lang='lat' dir='ltr'><strong>§trenam</strong></span> <span class='ocrx_word' id='word_1_327' title='bbox 780 4697 1073 4764; x_wconf 75' lang='lat' dir='ltr'><strong>corticale</strong></span> <span class='ocrx_word' id='word_1_328' title='bbox 1101 4658 1446 4778; x_wconf 75' lang='lat' dir='ltr'><strong>quotannis</strong></span> <span class='ocrx_word' id='word_1_329' title='bbox 1486 4707 1674 4768; x_wconf 63' lang='lat' dir='ltr'><strong>extus</strong></span> <span class='ocrx_word' id='word_1_330' title='bbox 1717 4705 2073 4764; x_wconf 72' lang='lat' dir='ltr'><strong>emortuum</strong></span> <span class='ocrx_word' id='word_1_331' title='bbox 2114 4693 2327 4762; x_wconf 66' lang='lat' dir='ltr'><strong>denuo</strong></span> <span class='ocrx_word' id='word_1_332' title='bbox 2368 4695 2477 4762; x_wconf 57' lang='grc' dir='ltr'><strong>ιώ,</strong></span> <span class='ocrx_word' id='word_1_333' title='bbox 2487 4695 2731 4758; x_wconf 74' lang='lat' dir='ltr'><strong>interno</strong></span> <span class='ocrx_word' id='word_1_334' title='bbox 2760 4713 2877 4757; x_wconf 51' lang='lat' dir='ltr'><strong>re*-</strong></span> 
     </span>
     <span class='ocr_line' id='line_1_43' title="bbox 287 4808 578 4870; baseline 0.007 -9"><span class='ocrx_word' id='word_1_335' title='bbox 287 4808 578 4870; x_wconf 79' lang='lat' dir='ltr'><strong>novatur.</strong></span> 
     </span>
    </p>
   </div>
   <div class='ocr_carea' id='block_1_10' title="bbox 2361 4916 2466 4969">
    <p class='ocr_par' dir='ltr' id='par_1_12' title="bbox 2361 4916 2466 4969">
     <span class='ocr_line' id='line_1_44' title="bbox 2361 4916 2466 4969; baseline 0.019 -2"><span class='ocrx_word' id='word_1_336' title='bbox 2361 4916 2466 4969; x_wconf 78' lang='lat'><strong>18*</strong></span> 
     </span>
    </p>
   </div>
  </div>
 </body>
</html>
