3450 5367
1309 313 1756 386 Equisetaoeae.
2707 311 2837 375 213

830 497 924 561 Do
952 498 1244 563 examino
1273 498 1716 580 Equizetorum
1744 471 2225 580 microneopico.

413 619 535 693 Qui
566 619 864 701 Equiseta
893 615 1378 682 indeterminata
1410 611 1888 682 examinaturus
1919 626 2046 700 est,
2103 620 2249 682 huic
2279 621 2554 700 primum
2586 622 2834 684 consti-

237 713 550 785 tuendum
592 728 724 801 est,
790 720 1197 818 num§planta
1243 720 1323 786 ad
1366 723 1668 806 Equiseta
1716 722 2157 805 ‘phaneropora
2207 742 2288 787 an
2332 721 2414 785 ad
2455 732 2830 806 cryptopora

236 826 585 906 pertineat;
635 823 700 885 id
732 822 903 909 quod
933 824 1226 887 facillime
1250 826 1577 907 intelligis,
1616 827 1669 888 si
1700 823 2111 907 epidermidis
2138 827 2557 908 fragmentum
2591 847 2835 908 paren-

237 927 531 1011 ebymate
573 935 636 988 et
668 926 807 988 aliis
851 928 1068 990 stratis
1115 927 1449 991 liberatum
1497 930 1862 992 examinare
1905 930 2085 992 velis.
2153 930 2218 992 Si
2265 930 2482 1012 planta
2525 927 2717 993 dubia
2751 928 2832 993 ad

236 1032 539 1113 Equiseta
572 1038 942 1112 cryptopora
976 1032 1280 1110 pertinet,
1319 1040 1465 1094 ante
1497 1032 1701 1094 omnia
1737 1034 1988 1096 carinae
2021 1033 2219 1097 caulis
2247 1033 2295 1097 l.
2333 1051 2647 1097 ramorum
2682 1053 2834 1097 sec-

237 1135 409 1196 tione
441 1141 802 1196 transversa
837 1133 1290 1196 examinandae
1320 1142 1490 1216 sunt,
1528 1154 1678 1198 num
1711 1153 2032 1198 convexae
2062 1153 2141 1198 an
2177 1136 2574 1219 biangulatae
2606 1136 2757 1198 sint.

414 1238 480 1300 Si
522 1236 734 1319 planta
792 1242 1056 1297 stomata
1113 1238 1473 1319 phaneropa
1520 1236 1837 1321 possidet,
1903 1239 2179 1301 sectione
2226 1240 2586 1303 transversa
2631 1240 2834 1302 caulis
3030 1219 3032 1221 ,

233 1338 705 1403 examinandus
747 1347 876 1428 est²
926 1357 1077 1400 num
1104 1341 1396 1405 annulus
1441 1343 1834 1405 incrassatus
1878 1340 2229 1404 communis
2259 1335 2657 1405 adsit'necne
2690 1343 2733 1404 i.
2770 1360 2828 1403 e.

239 1462 393 1505 num
426 1441 623 1505 caulis
666 1460 747 1503 ex
791 1438 1040 1505 duobus
1073 1440 1376 1524 cylindris
1409 1445 1795 1525 compositus
1828 1445 1947 1521 sit,
1997 1462 2076 1520 an
2108 1463 2190 1506 ex
2219 1446 2427 1507 unico.
2496 1444 2721 1509 'Caules
2753 1463 2836 1508 ex

237 1541 525 1628 cylindro
572 1544 849 1606 solitario
896 1543 1194 1609 formatos
1231 1547 1300 1608 E.
1351 1547 1598 1611 litorale
1645 1554 1708 1609 et
1740 1547 1812 1609 E.
1859 1546 2153 1610 limosum
2196 1547 2559 1629 possident,
2614 1549 2835 1612 omnes

236 1648 403 1710 aliae
434 1647 679 1728 species
711 1667 746 1709 e
777 1646 1027 1711 duobus
1058 1648 1364 1730 cylindris
1396 1651 1779 1732 compositae
1810 1656 1982 1712 sunt.

410 1752 479 1813 In
510 1751 606 1813 his
632 1751 704 1813 E.
742 1751 1026 1832 palustre
1052 1752 1352 1815 eximium
1378 1761 1473 1815 est
1493 1752 1780 1817 ochreola
1804 1753 1938 1815 atra
1961 1748 2162 1813 nitida
2185 1758 2250 1814 et
2279 1771 2594 1816 ramorum
2628 1745 2841 1817 inter—-

238 1850 431 1915 nodio
461 1852 699 1933 infimo,
737 1850 906 1936 quod
937 1854 1132 1917 multo
1162 1853 1421 1919 brevius
1452 1865 1551 1919 est
1583 1855 1811 1937 vagina
1841 1854 2108 1916 caulinA.
2175 1849 2548 1937 Equisetum
2580 1857 2838 1919 silvati-

238 1975 386 2018 cum
420 1955 669 2018 excellit
699 1955 1000 2023 dentibus
1030 1959 1233 2041 longis
1264 1959 1787 2023 unicellularibus
1818 1957 1900 2021 ad
1928 1957 2124 2021 latera
2157 1959 2513 2056 carinarum
2545 1959 2836 2023 caulina-

200 2056 382 2122 'rum
423 2041 819 2141 uniseriatis3
880 2062 952 2124 E.
1004 2061 1341 2125 Telmateia
1386 2061 1623 2124 aculeis
1665 2059 2145 2125 bicellularibus
2193 2049 2257 2123 in
2301 2043 2531 2126 carinis
2575 2062 2837 2127 sulcatis

236 2179 560 2224 ramorum
592 2161 999 2243 sedentibus;
1038 2166 1109 2229 E.
1141 2173 1436 2246 pratense
1467 2165 1628 2228 lobis
1660 2164 1890 2226 siliceis
1922 2167 2006 2227 3-
2037 2164 2632 2261 multicellularibus
2663 2168 2838 2229 cari-

235 2282 467 2328 narum
514 2264 729 2329 caulis
744 2276 808 2329 et
837 2266 1137 2330 dentibus
1182 2270 1408 2330 rameis
1450 2266 1758 2330 brevibus
1790 2267 2029 2347 ovans,
2079 2268 2152 2330 E.
2190 2287 2454 2333 arvense
2486 2268 2838 2382 tuberculis

235 2367 654 2450 trapezoideis
685 2368 1191 2449 bicellularibus,
1229 2372 1292 2432 in
1325 2372 1553 2433 carinis
1584 2390 1900 2434 ramorum
1933 2368 2330 2436 sedentibus.

415 2470 559 2534 Sine
588 2472 876 2536 eoeamine
903 2474 1322 2558 microscopico
1349 2474 1522 2537 nulla
1551 2473 1803 2536 scientia
1830 2473 2293 2555 Equisetorum!

815 2646 1142 2711 Nonnulla
1172 2651 1251 2711 de
1281 2647 1724 2728 Equisetornm
1756 2646 1958 2711 cauli·
1989 2651 2247 2712 natura

333 2764 388 2848 4)
441 2765 697 2841 caules,
746 2767 936 2847 rami,
989 2768 1202 2847 spicae
1232 2766 1696 2846 morphologice
1737 2763 2064 2828 indefinita
2109 2773 2281 2828 sunt.
2347 2767 2413 2827 In
2460 2765 2683 2830 ultima
2714 2787 2837 2829 va-

238 2868 386 2949 gina
440 2867 639 2931 caulis
684 2887 1130 2952 ramorumque
1179 2869 1490 2951 gemmula
1545 2866 1793 2934 condita
1847 2876 1979 2949 est,
2039 2886 2203 2951 quae
2257 2887 2404 2932 vero
2457 2868 2835 2951 inexplicata

240 2989 569 3034 remanere
600 2971 783 3034 solet.
850 2973 1072 3053 Spicae
1102 2972 1439 3055 proliferae
1470 2991 1595 3034 non
1627 2988 1829 3033 rarae.

330 3073 388 3154 2)
445 3074 655 3138 Caulis
687 3075 928 3156 apicem
963 3094 1184 3140 versus
1216 3075 1470 3138 omnino
1501 3074 1658 3137 rami
1702 3082 1993 3138 naturam
2025 3075 2294 3138 assumit
2323 3083 2388 3139 et
2416 3083 2742 3138 externam
2776 3085 2841 3138 et

240 3179 578 3253 internam,
620 3178 809 3239 etiam
843 3179 905 3240 in
932 3178 1010 3240 iis
1042 3179 1405 3260 speciebus,
1442 3196 1708 3261 quarum
1744 3179 1900 3241 rami
1932 3198 1965 3241 a
1997 3179 2178 3242 caule
2215 3177 2646 3243 diversissime
2677 3198 2840 3243 con—

241 3282 468 3345 structi
499 3288 670 3344 sunt.

330 3381 390 3465 3)
444 3385 599 3448 Cum
647 3382 1068 3445 crassitudine
1108 3386 1306 3448 caulis
1347 3387 1590 3466 apicem
1634 3404 1859 3448 versus
1903 3405 2028 3448 non
2075 3404 2275 3469 aequo
2306 3385 2490 3450 modo
2534 3406 2842 3451 numerus

238 3487 613 3568 angulorum
663 3487 1002 3566 minuitur3
1055 3505 1217 3567 apex
1264 3488 1498 3569 caulis,
1563 3489 1687 3570 qui¹
1719 3488 1930 3552 decies
1975 3491 2225 3553 tenuior
2261 3499 2361 3554 est
2403 3509 2593 3574 quam
2640 3492 2839 3555 caulis

242 3587 525 3668 medius,
577 3606 700 3654 non
744 3590 994 3672 aequali
1026 3592 1269 3653 ratione
1300 3592 1564 3673 angulos
1606 3594 1937 3673 pauciores
1979 3594 2363 3675 assumpsit,
2412 3592 2526 3657 sed
2559 3596 2622 3657 in
2654 3595 2837 3657 caule

240 3695 574 3776 superiore
596 3698 902 3756 numems
926 3681 1299 3775 angulorum
1324 3696 1512 3774 paulo
1535 3695 1739 3758 solum
1763 3697 1971 3757 minor
1991 3689 2088 3759 esi
2112 3716 2301 3778 quam
2320 3698 2383 3758 in
2398 3696 2578 3759 caule
2601 3694 2831 3759 medio.

418 3796 474 3880 4)
529 3797 646 3860 Ubi
679 3796 893 3858 caules
923 3795 1065 3858 basi
1089 3796 1497 3858 ramosissimi
1522 3797 1956 3877 inveniuntur,
1994 3798 2055 3861 hi
2083 3800 2240 3860 rami
2269 3799 2580 3862 basilares
2611 3800 2838 3861 natura

243 3899 505 3962 externa
550 3906 615 3961 et
656 3899 902 3962 interna
944 3895 1301 3962 intermedii
1342 3905 1494 3961 sunt
1534 3899 1702 3961 inter
1745 3919 1953 3962 ramos
1986 3901 2297 3964 normales
2340 3908 2406 3964 et
2437 3903 2650 3965 caules
2680 3887 2840 3966 nor-

241 4002 465 4065 males.

581 4171 962 4252 conspeetu·
991 4175 1267 4238 omnium
1296 4176 1648 4256 specierum
1676 4176 1801 4241 huc
1831 4195 2024 4261 usquo
2054 4182 2480 4259 cognitarum.

331 4291 397 4377 ξ.
430 4294 478 4355 l.
542 4285 1009 4376 Equis‘btum
1045 4295 1325 4377 Tem-nef.
1361 4315 1420 4359 e.
1458 4316 1523 4377 p.

552 4395 872 4481 (Equiseta
903 4397 1340 4478 phaneropora
1362 4398 1599 4482 Milde).

272 4549 302 4592 ·‚
406 4502 492 4566 A.
526 4501 843 4588 Equiueta
871 4502 1431 4582 heterophyadica
1446 4498 1517 4563 A.
1559 4505 1665 4566 Br.
1704 4505 1772 4568 in
1802 4506 1980 4569 Flora
2022 4504 2229 4589 (4839)
2273 4524 2338 4586 p.
2376 4506 2558 4571 305.Ι

500 4602 991 4688 a)Equiseta
1038 4623 1510 4685 anomopora
1557 4605 1769 4670 Milde.

330 4706 386 4792 4)
427 4709 497 4771 Ε.
536 4724 805 4771 arvense
840 4708 908 4770 L.
974 4706 1034 4790 2)
1077 4709 1146 4771 E.
1184 4706 1519 4769 Telmateia
1548 4708 1743 4772 Ehrle.

498 4808 565 4897 b)
601 4811 985 4897 Equiseta
1033 4810 1497 4897 stichopora
1540 4811 1745 4879 Milde.
