3450 5367
1203 1342 1439 1426 Fam.
1484 1342 1554 1426 I.
1657 1344 1992 1430 Filioes.

477 1546 734 1608 Plantae
765 1562 1100 1626 perennes,
1141 1545 1464 1608 rarissime
1494 1565 1764 1626 annuae,
1805 1548 1983 1611 caule
2015 1546 2195 1611 brevi
2228 1550 2271 1609 l.
2310 1555 2593 1628 repente,
2642 1542 2726 1629 (in
2757 1555 2899 1608 ter-

303 1649 390 1712 ris
423 1648 683 1729 tropicis
716 1649 905 1710 etiam
938 1646 1221 1730 arboreo)
1266 1649 1634 1714 instructae.
1701 1653 1890 1732 Folia,
1930 1652 2302 1734 praesertim
2328 1650 2657 1729 juvenilia,
2697 1650 2897 1730 paleis

305 1754 557 1832 vestita,
613 1752 817 1813 rarius
863 1749 1058 1812 nuda.
1141 1753 1513 1834 Sporangia,
1563 1773 1731 1817 soros
1773 1739 2187 1834 efformantia,
2242 1755 2305 1815 in
2341 1754 2578 1835 payina
2621 1751 2749 1813 folii
2789 1754 2889 1814 in-

299 1858 553 1944 feriore,
623 1856 941 1919 rarissime
994 1855 1057 1914 in
1112 1864 1384 1936 utraque
1437 1854 1760 1938 sedentia,
1828 1858 1951 1919 sori
2010 1859 2386 1939 plerumque
2442 1853 2691 1919 indusio
2745 1875 2895 1918 vero

314 1958 701 2042 (Aspidium,
762 1959 1165 2039 Asplenium,
1228 1958 1638 2043 Cystopteris)
1703 1969 1814 2022 aut
1867 1959 2117 2023 indusio
2171 1961 2391 2042 spurio
2443 1960 2887 2043 (CheilantheS,

301 2062 693 2146 Adiantum).
755 2059 1071 2123 interdum
1121 2072 1390 2142 utroque
1445 2061 1717 2125 obvelati
1785 2062 2087 2145 (Pterides
2141 2062 2502 2147 nonnull.),
2571 2062 2890 2128 interdum

300 2168 552 2229 omnino
584 2163 738 2228 nudi
788 2165 1241 2247 (Phegopteris,
1296 2164 1721 2247 Polypodium,
1774 2166 2317 2249 ophioglosseae).
2397 2167 2739 2250 Sporangia
2782 2176 2892 2229 aut

299 2272 553 2333 omnino
586 2270 993 2348 exannulata,
1046 2269 1199 2329 rima
1243 2264 1654 2350 dehiscentia,
1702 2270 2081 2352 plerumque
2127 2280 2351 2333 autem·
2369 2272 2603 2334 annulo
2635 2270 2891 2332 elastico

299 2373 711 2437 circumdata.

470 2479 702 2561 Sporae
734 2483 842 2538 aut
873 2474 1086 2537 ovales
1129 2483 1192 2535 et
1234 2476 1389 2538 stria
1422 2447 1709 2539 ‘solitaria
1754 2485 1865 2541 aut
1904 2475 2566 2559 tetraedro-globosae
2612 2487 2677 2541 et
2720 2480 2890 2542 striis

296 2581 487 2646 tribus
514 2589 777 2645 notatae.

465 2686 756 2747 Rhizoma
805 2685 1178 2766 plerumque
1210 2679 1636 2746 dichotomum
1681 2694 1744 2746 et
1775 2702 2052 2765 gemmas
2085 2680 2464 2747 adventitias
2517 2703 2881 2765 procreanS,

295 2787 579 2871 cylindro
631 2787 962 2850 medullari
1020 2786 1303 2849 cellulari
1356 2788 1615 2849 centrali
1674 2788 2089 2865 instructum,
2155 2785 2475 2849 fasciculis
2531 2788 2885 2852 scalaribus

294 2894 465 2954 vario
522 2891 705 2954 modo
749 2892 1075 2972 dispositis
1130 2888 1553 2970 circumdato,
1615 2909 1775 2972 quos
1819 2889 2334 2972 cellulaefuscae
2379 2891 2879 2972 amplectuntur.

296 2998 388 3057 Ex
423 2991 944 3076 proseuchymate
976 3002 1038 3055 et
1071 2995 1564 3076 parenchymate
1599 2994 1974 3076 plerumque
2016 3011 2301 3074 carnoso,
2327 2994 2579 3077 amylo,
2618 2997 2883 3058 materia

292 3101 574 3162 resinosa
607 3107 670 3159 et
700 3099 840 3159 aliis
876 3098 1114 3178 repleto
1148 3096 1423 3180 denique
1455 3107 1672 3161 cortex
1702 3098 2123 3178 componitur.

316 3269 333 3278 ,
462 3205 696 3286 Sporae
726 3203 1151 3284 germinantes
1176 3202 1567 3282 prothallium
1613 3203 1988 3285 plerumque
2032 3203 2358 3282 epigaeum
2418 3197 2640 3282 (rarius
2685 3201 2884 3262 tube—

292 3326 525 3384 rosum,
564 3308 952 3389 hypogaeum
989 3306 1074 3385 [in
1109 3305 1629 3389 OphioglosseisD
1674 3304 2001 3366 soliaceum
2036 3305 2358 3385 evolvunt,
2412 3305 2592 3385 cujus
2616 3305 2883 3386 paqinae

291 3408 570 3490 inferiori
598 3410 959 3491 archeqonia
991 3418 1055 3487 et
1087 3408 1428 3471 antheridia
1458 3405 1761 3469 insident.

461 3562 706 3616 Adnot.
746 3565 786 3616 1.
853 3563 1064 3615 Summi
1103 3563 1363 3614 momenti
1402 3564 1598 3613 natura
1637 3561 1838 3613 industi
1866 3564 1966 3613 est.
2039 3565 2232 3615 Verum
2254 3565 2520 3616 indusium
2554 3577 2777 3630 semper
2812 3581 2879 3619 ex

260 3639 488 3715 'pagina
513 3650 627 3701 solii
653 3652 771 3717 ipsa
798 3651 1040 3714 exsurgit
1064 3650 1391 3715 plerumque
1426 3662 1593 3701 nervo
1633 3648 1898 3700 adnatum
1940 3650 1996 3700 et
2034 3663 2254 3715 semper
2290 3650 2615 3701 stomatibus
2641 3651 2879 3705 destitu-
2986 3711 2989 3715 Δ

292 3739 406 3787 tum
447 3740 562 3799 est;
610 3737 789 3788 rarius
830 3750 955 3787 cum
993 3735 1711 3803 perenchymate,proximo
1748 3736 1783 3788 l.
1825 3750 1950 3788 cum
1988 3736 2223 3788 lacinula
2251 3737 2417 3788 fertili
2444 3740 2742 3790 connatum
2768 3744 2870 3791 est.

287 3824 553 3876 [indusium
574 3826 816 3887 spurium
854 3823 904 3873 in
946 3824 1140 3888 pagina
1178 3822 1437 3874 interiore
1477 3823 1808 3874 stomatibus
1837 3826 2179 3885 instructum,
2220 3836 2383 3888 saepe
2422 3826 2475 3874 in
2503 3826 2873 3893 parenchyma

288 3908 396 3959 folii
426 3910 634 3960 sensim
663 3910 876 3962 transit.

457 4047 693 4099 Adnot.
727 4048 788 4098 11.
846 4046 924 4098 Ad
953 4047 1353 4115 descriptiones
1378 4044 1704 4098 breviandas
1730 4045 2135 4109 designationes
2160 4047 2227 4099 ad
2255 4048 2552 4102 decursum
2580 4065 2874 4106 nervorum

284 4134 620 4197 pertinentes
649 4133 890 4196 adhibui,
926 4133 1128 4198 quibus
1154 4135 1214 4185 Α.
1244 4135 1425 4186 Braun
1452 4138 1506 4184 et
1532 4136 1798 4185 Menenius
1823 4135 2064 4189 utuntur,

456 4220 766 4271 Secundum
805 4220 1096 4273 Menenium
1148 4222 1352 4283 (Filices
1396 4221 1539 4271 horti
1584 4221 1730 4286 Lips.
1781 4224 1927 4272 ¹856.
1974 4237 2023 4288 p.
2053 4224 2099 4285 2)
2163 4225 2217 4274 et
2260 4222 2318 4274 A.
2360 4225 2542 4276 Braun
2586 4227 2867 4291 (zeitschr.

284 4305 537 4358 deutsch.
581 4307 791 4371 geolog.
832 4306 1208 4359 Gesellschaft.
1267 4310 1421 4358 ⁴852.
1462 4321 1516 4374 p.
1547 4309 1664 4372 564)
1709 4308 1815 4359 hae
1839 4310 1967 4360 sunt
2004 4310 2280 4375 graviores
2306 4310 2513 4378 formae
2540 4317 2873 4366 nervationis

283 4392 504 4454 filicum,
538 4406 682 4458 quae
709 4394 762 4443 in
792 4393 897 4444 hoc
923 4406 1091 4459 opere
1113 4396 1473 4459 proveniunt:
1552 4395 1555 4398 '

456 4482 502 4530 4.
544 4480 793 4533 Namatio
822 4480 1218 4545 Caenopteridis.
1292 4481 1455 4533 Costa
1496 4481 1921 4547 simplicissima,
1964 4497 2071 4534 non
2111 4497 2329 4535 ramosa
2367 4487 2643 4551 percurrit
2680 4485 2867 4539 {olium

279 4565 550 4630 integrum
578 4566 612 4617 l.
644 4569 924 4631 segmenta
950 4567 1161 4631 singula
1191 4566 1300 4619 folii
1324 4569 1530 4634 partiti.

451 4656 501 4703 2.
529 4655 688 4706 Nerv.
714 4653 1093 4718 Gtenopteridis.
1133 4655 1174 4707 E
1202 4659 1353 4707 costa
1379 4657 1736 4721 egrediuntur
1759 4658 1911 4707 nervi
1939 4658 2255 4710 secundarii
2282 4659 2562 4723 simplices
2588 4658 2622 4709 l.
2649 4657 2862 4713 furcati.

453 4742 502 4788 8.
552 4741 712 4792 Nerv.
754 4737 1112 4806 Peeopteridis.
1174 4742 1215 4794 E
1256 4743 1441 4794 nervis
1480 4744 1819 4795 secundariis
1856 4746 2109 4796 oriuntur
2144 4746 2285 4796 rami
2325 4746 2589 4812 pinnatim
2617 4746 2869 4816 dispositi

278 4824 558 4890 simplices
584 4826 618 4878 l.
651 4826 834 4877 denuo
863 4827 1088 4893 pinnati.
