3450 5367
597 267 725 334 28⁰
1637 273 2137 347 Lycopodiaoeae.

597 443 665 505 in
697 442 868 504 Lake
893 438 1190 524 Pstrtdge
1222 441 1556 524 (lacem).
1633 439 1971 505 Hibernia.-
2016 442 2083 503 in
2126 440 2273 504 lacu
2314 441 2611 504 inferiore
2650 461 2851 524 prope
2880 442 3199 525 Killamey

609 545 1004 628 (scammum
1071 547 1236 607 Loci:
1281 548 1444 628 stay
1485 547 1588 608 bei
1635 545 1867 609 ouban
1909 543 2079 628 (uin
2114 544 2464 629 nunctum).
2546 547 2829 629 Belyien:
2889 531 3135 628 manga
3162 551 3197 609 a·

599 648 752 712 fond
782 648 1216 713 sablouneux:
1254 650 1432 714 Genk
1462 668 1646 731 prov,
1681 647 1765 711 de
1797 648 2141 731 Limbourg
2182 648 2607 728 (Vanae-ubam
2638 650 2854 727 1862).
2944 651 3157 713 Gallia
3178 672 3197 711 .-

604 750 1070 815 1238-1300’
1101 771 1158 816 s.
1191 772 1282 814 m.
1334 754 1468 816 loca
1499 752 1758 815 natalia.
1810 754 1967 834 Dep.
2004 752 2087 816 de
2120 755 2391 830 Vienne3
2444 755 2601 835 Dep.
2648 750 2737 815 de
2772 752 2835 814 10
2865 753 3048 816 Loire
3084 752 3194 815 inl.

603 856 704 918 lac
733 854 815 918 de
847 853 1191 919 Grandlieu
1224 873 1420 938 prope
1451 857 1688 918 Nautes
1717 857 1857 919 sine
1884 857 1931 918 1.
1970 856 2226 919 lacustri
2270 857 2532 939 (Lloyd);
2568 858 2694 918 Lac
2722 854 2805 917 de
2834 860 2927 919 St.
2960 855 3201 919 Andeol

602 957 764 1021 dans
795 960 888 1022 108
918 968 1118 1022 mont.
1160 958 1243 1022 de
1271 958 1570 1024 l'Aubrac
1601 961 1756 1042 Dep.
1793 959 1874 1023 de
1903 960 1961 1022 la
1994 963 2225 1022 Lozere
2262 958 2440 1042 (Gay)
2474 970 2544 1022 et
2572 961 2697 1021 Lac
2733 956 2817 1021 de
2852 963 3035 1039 Bort3
3082 963 3201 1022 Lac

601 1061 682 1126 de
712 1064 918 1146 Guery
951 1073 1147 1125 mont.
1187 1065 1386 1126 Dores
1414 1065 1570 1145 Dep.
1606 1062 1688 1126 de
1715 1061 2220 1146 Puy-de-Dome
2254 1064 2417 1146 (Gay
2444 1074 2513 1126 et
2544 1065 2779 1126 Dan-ient
2809 1067 3026 1137 1861).
3079 1065 3201 1144 vy-

605 1170 812 1230 renaei
843 1169 1072 1230 orient.
1120 1165 1394 1251 (Salve);
1430 1168 1692 1247 Vogesi:
1730 1168 1856 1228 Lac
1883 1166 1967 1229 de
1996 1170 2345 1250 Longemer
2382 1164 2706 1249 (Ga-aran
2754 1166 2982 1229 Italia:
3036 1168 3197 1247 Lago

600 1268 800 1333 d’orta
829 1270 1160 1333 Insubriae
1193 1288 1388 1352 prope
1418 1269 1676 1332 Bissoue
1713 1268 2107 1354 (boumn
2165 1273 2323 1353 Lago
2364 1269 2682 1350 Haggiere
2724 1270 2895 1332 inter
2920 1272 3198 1331 Locarno

601 1384 666 1436 01
694 1372 1019 1456 nagadino
1056 1372 1164 1455 (De
1193 1374 1489 1452 Noun-is).
1546 1374 2059 1457 Transsylvmia:
2093 1375 2413 1455 choseg,
2450 1373 2548 1436 St.
2586 1374 2782 1455 Ivany
2820 1371 3198 1456 (Βουπρα-

603 1476 751 1559 ten).
829 1477 1003 1540 Silvo
1041 1477 1260 1560 niqra:
1321 1476 1766 1540 Scbluch-See
1812 1476 2257 1554 (Schildltnecht
2307 1484 2373 1539 et
2428 1475 2633 1556 niu-y.
2690 1475 2921 1539 Octob.
2975 1477 3191 1554 1861);

602 1580 892 1644 Τ111-800
932 1580 1038 1664 (De
1066 1582 1240 1663 Bar-y
1287 1582 1391 1643 13.
1428 1579 1656 1643 00101).
1699 1579 1928 1662 1861);
1975 1578 2295 1642 Feld-See
2330 1578 2428 1656 (Α.
2465 1582 2706 1642 maun.
2752 1577 3002 1662 August
3038 1582 3196 1641 1846

603 1693 672 1747 01
697 1684 973 1767 Sperna-
1000 1694 1066 1748 et
1094 1705 1156 1748 v.
1194 1684 1417 1767 uolat„
1469 1681 1888 1746 Groenlandia
1930 1683 2155 1767 (Valet).

778 1788 1021 1851 Crescit
1059 1789 1124 1851 iu
1164 1785 1450 1851 America
1484 1785 1760 1864 boreali3
1809 1806 1955 1849 nam
1998 1789 2234 1852 1800100
2271 1786 2525 1850 Braunii
2558 1789 2797 1851 Durieu
2824 1786 2909 1850 ab
2938 1789 2988 1850 1.
3022 1787 3201 1849 echi-

604 1887 872 1974 nospora
906 1891 1159 1955 nonnisi
1190 1890 1576 1954 stomatibus
1603 1890 1859 1954 diversa
1900 1900 2023 1954 est.

774 1996 1044 2060 Cormus
1075 1996 1394 2058 rarissime
1422 1994 1818 2058 trisulcatus.
1897 1994 2062 2056 Folia
2097 1994 2204 2056 vix
2238 1994 2402 2056 ultra
2436 1996 2554 2075 50,
2590 1994 2847 2058 flexilia.
2926 1995 3201 2058 Gellulae

602 2099 750 2162 illae
779 2100 984 2163 flavae
1016 2101 1405 2162 incrassatae
1434 2099 1758 2181 sporangii
1780 2100 1979 2161 series
2009 2099 2472 2161 transversales
2500 2098 2837 2161 efformant
2866 2100 3036 2162 inter
3064 2100 3199 2161 cel-

605 2201 772 2268 lulas
801 2222 924 2265 non
959 2205 1367 2279 incrassatas,
1403 2210 1651 2266 tenues.
1701 2201 1985 2266 Cellulae
2014 2203 2786 2284 incrassataevelongatam
2822 2203 3195 2287 polygonoe,

606 2307 846 2371 lumine
875 2307 1359 2388 angustissimo,
1394 2306 1754 2388 complures
1785 2307 1989 2369 lineae
2027 2325 2245 2370 earum
2290 2324 2483 2369 unam
2514 2308 2751 2369 seriem
2782 2306 2977 2369 latam
3007 2308 3198 2370 effor-

606 2420 893 2490 mantes,
931 2410 1205 2492 primum
1239 2426 1274 2471 a
1309 2409 1390 2474 01.
1425 2408 1499 2472 Α.
1533 2412 1754 2473 Bratm
1781 2409 2180 2473 observatae.

777 2514 996 2576 Planta
1043 2510 1125 2576 ad
1157 2510 1610 2578 Uddelermeer
1652 2513 2018 2577 Bollandiae
2059 2514 2323 2576 collecta
2375 2532 2502 2576 non
2547 2512 2630 2577 ad
2671 2516 2939 2577 lsoetem
2983 2514 3194 2593 ullam,

604 2617 720 2681 sed
758 2616 840 2680 ad
882 2621 1189 2681 Junceam
1220 2618 1502 2680 sterilem
1535 2618 1636 2680 vel
1673 2619 2100 2701 Cyperaceem
2132 2619 2441 2699 pertinet,
2492 2626 2655 2681 leste
2686 2619 2766 2681 01.
2804 2619 3116 2701 Surinqor
3140 2626 3203 2680 et

602 2722 847 2805 Hiquel.
3194 2725 3205 2734 “

777 2824 1140 2889 Secundum
1171 2825 1579 2906 quaestiones
1611 2844 1645 2887 a
1679 2826 1757 2888 οΙ.
1790 2823 1865 2888 Α.
1902 2826 2121 2888 Braun
2160 2826 2489 2889 institutas
2518 2826 2754 2889 1800108
2790 2825 3201 2907 echinospora

604 2943 914 3010 europaea
973 2926 1180 3010 (etiam
1227 2928 1580 3010 lapponica)
1634 2928 2019 2992 stomatibus
2077 2929 2334 2991 omuino
2379 2926 2726 3008 destituta,
2789 2927 2943 2992 dum
2986 2929 3201 3010 planta

602 3032 990 3110 amaricans,
1029 3031 1333 3095 islandica
1365 3040 1432 3093 et
1462 3030 1909 3113 groenlaudica
1942 3034 2023 3097 iis
2052 3033 2308 3116 gaudet.

769 3134 859 3199 11.
906 3135 1152 3199 Iaoiiten
1181 3136 1542 3216 amphibiae
1571 3133 1645 3198 A.
1681 3137 1795 3199 Br.
1833 3136 1877 3198 l.
1915 3156 1971 3200 0.
2008 3157 2074 3219 p.
2114 3140 2262 3200 598.

771 3238 944 3302 Folia
967 3239 1214 3302 lacunis
1242 3239 1475 3320 amplis
1504 3239 1816 3302 instructa
1836 3286 1851 3317 ‚
1890 3258 2158 3322 quarum
2189 3242 2398 3321 paries
2426 3248 2732 3303 externus
2764 3258 2801 3301 e
2833 3238 3004 3304 2-3
3036 3249 3207 3302 stra-

535 3424 547 3436 ·
599 3345 682 3405 118
712 3344 1083 3406 cellularum
1116 3343 1537 3425 componitur,
1580 3342 1961 3406 stomatibus
1991 3353 2055 3406 et
2085 3346 2124 3405 6
2156 3343 2476 3407 fasciculis
2509 3344 2761 3406 fibrosis
2793 3344 3207 3426 periphericis

602 3444 911 3528 praedita.
974 3446 1381 3529 Phyllopodia
1428 3447 1626 3510 nulla.
1686 3443 2020 3528 Phyllades
2065 3447 2278 3509 nullae
2320 3448 2367 3509 1.
2417 3449 2631 3509 minus
2658 3448 2975 3511 evolutae.
3042 3450 3207 3530 Spo-

603 3545 894 3633 rang‘ium
943 3549 1081 3612 velo
1122 3551 1434 3632 complete
1475 3552 1521 3613 l.
1567 3551 1950 3633 incompleta
1991 3550 2311 3613 obtectum
2357 3551 2401 3612 l.
2440 3551 2649 3613 velum
2693 3570 2821 3614 non
2854 3551 3201 3615 evolutum.

601 3652 761 3718 Area
796 3655 983 3716 latior
1012 3652 1058 3715 l.
1095 3656 1441 3736 angustior,
1479 3673 1514 3716 a
1549 3663 1729 3737 tergo
1760 3656 2080 3718 continua.
2150 3656 2421 3718 Dorsum
2463 3656 2732 3736 vaginae
2764 3656 2945 3718 laeve
2976 3655 3019 3716 l.
3058 3673 3205 3717 sca-

604 3756 1024 3822 briusculum.
1088 3759 1406 3839 vegetatio
1429 3757 1763 3822 submersa
1796 3758 1841 3821 1.
1879 3759 2033 3821 10018
2065 3758 2374 3835 humidis,
2412 3743 2767 3839 interrupta
2799 3758 2846 3821 l.
2883 3760 3201 3821 continua.

615 3901 621 3908 -
772 3861 839 3923 4.
903 3865 961 3926 1.
995 3862 1218 3925 velata
1256 3858 1331 3924 A.
1365 3864 1478 3924 Br.
1515 3863 1580 3922 in
1613 3862 1927 3943 Descript.
1966 3880 2057 3924 sc.
2107 3860 2384 3943 d’Alger.
2428 3861 2672 3946 (1848).
2705 3897 2793 3908 -
2843 3863 3115 3925 Gennari
3142 3863 3204 3921 in

606 3963 956 4027 Comment.
993 3965 1163 4027 critt.
1200 3964 1336 4028 ital.
1375 3966 1488 4027 No.
1528 3964 1590 4028 2.
1633 3963 1847 4048 (1861)
1887 3984 1955 4046 p.
1993 3967 2140 4027 103.
2180 3967 2327 4028 104.
2365 3997 2444 4016 --
2476 3961 2553 4027 A.
2579 3966 2799 4028 Braun
2826 3966 2894 4028 in
2923 3968 3207 4030 Monate-

605 4066 744 4129 ber.
781 4067 911 4150 kgl.
946 4064 1151 4131 Akad.
1190 4068 1634 4132 Wissenschft.
1680 4066 1894 4152 (1863)
1930 4088 1996 4149 p.
2029 4068 2178 4131 602.

749 4167 929 4250 syn.
994 4173 1040 4233 1.
1090 4168 1420 4252 decipie'ns
1462 4183 1526 4236 01
1566 4174 1612 4235 Ῑ.
1661 4172 2024 4255 longissima
2069 4173 2232 4253 Bory
2275 4180 2340 4235 01
2369 4173 2526 4235 Dur.
2566 4173 2655 4236 Pl.
2702 4173 2851 4235 sicc.
2890 4169 3096 4254 Alger.
3148 4181 3210 4235 et

607 4274 780 4337 Flora
817 4277 981 4338 1816
1014 4295 1076 4356 p.
1119 4274 1267 4338 719.
1296 4307 1383 4326 --
1412 4277 1457 4340 1.
1491 4277 1906 4340 Grammontii
1931 4276 2097 4358 Bory
2132 4277 2319 4337 1841.
2352 4311 2431 4323 --
2466 4276 2515 4338 1.
2543 4283 2790 4340 0010000
2814 4277 2983 4358 Bou-y
3016 4278 3200 4339 1844.

603 4412 691 4426 --
720 4379 766 4440 1.
814 4388 1061 4448 setacea
1094 4380 1312 4443 Bertol.
1357 4380 1447 4442 Fl.
1492 4379 1628 4442 ital.
1678 4401 1746 4462 p.
1797 4381 1946 4443 115.
1999 4379 2241 4464 (Planta
2274 4378 2518 4462 Pulae).
2572 4411 2649 4426 -·
2691 4380 2739 4441 1.
2787 4379 3098 4460 palustris
3141 4399 3199 4440 v.

604 4491 850 4544 0010000
884 4485 950 4544 F.
987 4484 1230 4547 Miiller.
1269 4486 1342 4546 U.
1372 4486 1413 4546 i.
1873 4546 1891 4566 ,

606 4611 646 4620 ”
673 4643 682 4654 ,
779 4585 1033 4654 carmus
1062 4585 1458 4669 longitudine
1488 4594 1555 4651 et
1586 4586 1921 4651 latitudine
1953 4587 2328 4671 subaequali
2361 4588 2637 4669 trilobus,
2672 4584 2801 4650 lobi
2829 4586 3023 4649 sulcis
3054 4605 3209 4666 pro-

603 4687 1135 4756 fundis-discreti.
1201 4692 1437 4754 Bulbus
1470 4692 1691 4773 laxus,
1740 4694 1949 4756 rarius
1979 4694 2177 4775 magis
2208 4702 2611 4777 compactus,
2649 4691 2805 4774 folia
2844 4690 3205 4753 atroviridia

609 4791 728 4854 tate
778 4782 864 4854 οἵ
887 4794 1055 4875 lonye
1106 4793 1811 4860 membranaceo-alata
1862 4796 2542 4862 lanceolam-linearia
2592 4795 2896 4861 subulata
2951 4792 3204 4858 flaccida
