3450 5367
635 300 760 364 290
1715 307 2160 382 Rhizocarpeae.

644 472 958 556 (Mabille).
998 475 1126 537 Ins.
1167 472 1493 537 Sardinia:
1533 473 1813 549 Iglesias,
1854 475 2209 557 Iugurtosu‚
2248 474 2396 538 Pula
2439 477 2544 557 (De
2574 478 2844 558 Natam,
2884 474 3246 559 Ascherson,

636 576 989 656 Reinhardt)
1021 601 1034 650 ;
1075 580 1200 640 Ιηε.
1233 578 1529 657 Capu-era,
1569 573 1940 639 Maddalena
1981 577 2292 660 (Tempio),
2329 579 2389 640 al
2422 577 2656 640 Padule
2690 577 2831 661 [Mle
2864 578 3245 659 Pulclziemaj,

633 681 868 763 Maggio
903 680 1247 762 (Maronem)
1267 727 1281 741 .
1312 714 1397 727 —-
1424 681 1673 740 Ficuzza
1699 677 1951 741 Siciliae
1976 677 2281 762 (rodam).
2348 679 2634 762 Algeria:
2674 684 2757 743 La
2783 681 2982 759 Galle,
3022 681 3086 742 in
3111 683 3241 743 col-

637 782 809 846 libus
839 783 1020 865 Eduy
1063 781 1336 866 (Durieu)
1365 802 1380 857 ;
1419 800 1615 866 prope
1647 780 1906 844 Medeah
1943 782 2241 865 (Monard)
2274 802 2288 858 ς
2336 784 2643 865 Phrygia:
2684 785 2911 866 village
2943 782 3025 846 de
3056 787 3252 848 Kaia-

638 885 782 967 geul
816 903 896 947 au
927 886 1050 947 SO.
1091 884 1419 948 d’Ouchak
1464 883 1815 965 (Balansa).
1858 918 1933 932 —

811 990 1077 1052 Cormus
1104 989 1308 1053 rarius
1342 988 1736 1066 AE-sulcatus‚
1776 987 1966 1050 facies
1998 986 2453 1069 desquamatae
2485 990 3035 1053 concaviusculae.
3083 989 3251 1053 Folia

635 1091 913 1154 30—50.
982 1092 1260 1155 Cellulae
1291 1090 1640 1169 coloratae,
1691 1091 2080 1152 incrassatae
2112 1109 2236 1151 non
2271 1091 2478 1153 solum
2511 1094 2575 1154 in
2619 1091 2806 1155 dorso
2838 1095 3107 1173 vaginae
3139 1089 3252 1155 sed

635 1196 821 1256 etiam
865 1195 931 1255 in
977 1202 1296 1256 texturam
1356 1195 1670 1256 internam
1719 1200 2097 1275 penetrant;
2163 1192 2286 1254 sub
2332 1192 2525 1257 dente
2573 1194 2847 1257 ventrali
2906 1194 3252 1276 micropyle

637 1297 992 1375 invenitur,
1044 1295 1276 1360 lineam
1325 1297 1817 1360 transversalem
1848 1295 2298 1361 semilunarem
2331 1297 2591 1359 sistens.
2633 1330 2712 1343 —
2743 1299 2790 1359 1.
2827 1298 3088 1379 Hystrix
3117 1295 3254 1359 dif-

635 1397 756 1461 fert
809 1396 893 1459 ab
949 1398 994 1460 1.
1056 1400 1345 1463 Duriaeai
1405 1399 1729 1462 cornubus
1789 1396 2161 1461 lateralibus
2220 1396 2805 1481 phynopodiorum,
2846 1407 3018 1462 'area
3077 1402 3255 1462 intus

635 1519 1013 1580 cavernosa,
1051 1504 1471 1584 macrosporis
1501 1512 1566 1564 et
1598 1501 2059 1582 microsporis„

809 1606 1043 1668 Isoetes
1075 1606 1276 1670 sicula
1314 1605 1546 1667 Todaro
1570 1603 1889 1685 descripta
1919 1611 2018 1666 est
2047 1621 2081 1664 a
2108 1602 2187 1665 cl.
2225 1611 2442 1667 autore
2472 1604 2537 1666 in
2565 1605 2858 1667 Giornale
2890 1604 2954 1666 di
2988 1606 3251 1668 Scienze

637 1717 769 1770 nat.
817 1708 899 1770 ed
938 1727 1116 1770 econ.
1164 1705 1231 1771 di
1276 1708 1584 1771 Palermo.
1648 1707 1787 1771 Vol.
1838 1708 1885 1769 1.
1939 1705 2091 1769 fasc.
2141 1706 2240 1767 lll.
2288 1714 2354 1766 et
2396 1707 2492 1768 lV.
2539 1725 2604 1787 p.
2654 1708 2803 1769 25⁴.
2873 1707 2969 1771 Cl.
3012 1707 3247 1770 Todaro

635 1811 981 1890 specimina
1005 1828 1251 1874 mecum
1274 1811 1786 1888 communicavit,
1823 1818 1890 1872 at
1912 1807 2149 1872 frustra
2182 1806 2573 1872 differentias
2604 1811 2933 1891 specificas
2954 1811 3246 1892 quaesivi

632 1923 695 1975 et
737 1914 817 1975 cl.
865 1912 938 1976 A.
975 1915 1197 1976 Braun
1238 1910 1689 1975 determinavit
1730 1929 1906 1973 eam:
1960 1911 2062 1992 ,‚1.
2097 1913 2354 1993 Hystrix
2385 1914 2542 1973 Dur.
2593 1915 2663 1974 Β.
2709 1912 2909 1975 forma
2955 1911 3250 1995 desqua-

632 2026 801 2078 mata
834 2016 900 2078 b.
937 2018 1283 2096 caespitosa
1315 2015 1383 2049 ³*
1415 2015 1782 2096 brevispina
1818 2013 1859 2076 l.
1896 2012 2000 2048 ”¹³
2028 2014 2501 2077 subinermis.“

808 2118 964 2181 Cum
1015 2119 1131 2180 hac
1172 2119 1387 2200 planta
1432 2136 1557 2180 non
1605 2126 1709 2179 est
1751 2115 2195 2180 commutanda
2246 2118 2290 2179 1.
2340 2116 2547 2179 velata
2592 2136 2653 2177 v.
2705 2117 2903 2179 sicula
2950 2117 3242 2192 Gennari,

633 2240 798 2304 quae
831 2239 1047 2283 revera
1081 2218 1163 2282 ad
1194 2222 1240 2283 1.
1278 2220 1548 2283 velatam
1585 2221 1878 2302 pertinet.

1342 2682 1579 2764 Fam.
1626 2679 1781 2764 IV.
1887 2680 2543 2788 Rhizocarpeae.

804 2953 1025 3018 Batsch
1057 2954 1214 3016 Tab.
1251 2954 1475 3015 affinit.
1513 2973 1578 3035 p.
1619 2952 1737 3014 261
1785 2950 2029 3035 (1802).

803 3059 1435 3140 Macrosporangiaet
1467 3055 2000 3137 microsporangia
2046 3063 2157 3116 aut
2201 3054 2267 3115 in
2297 3051 2517 3114 eodem
2549 3049 3013 3145 conceptaculo..
3029 3058 3148 3110 aut
3178 3050 3239 3110 in

631 3162 925 3228 discretis
963 3161 1435 3242 conceptaculis
1468 3156 1737 3223 inclusa.
1805 3161 2235 3239 Macrosporae
2268 3154 2546 3217 mamilla
2575 3149 2925 3233 praeditae.

801 3267 1055 3330 Plantae
1085 3268 1153 3327 in
1193 3282 1355 3346 aqua
1402 3272 1729 3342 natantes,
1782 3262 1825 3323 l.
1879 3262 1944 3323 in
1991 3260 2138 3321 limo
2183 3256 2573 3336 radicanteS,
2627 3254 2930 3319 fasciculo
2973 3252 3243 3315 centrali

628 3372 1000 3432 instructae.
1072 3368 1240 3431 Folia
1295 3367 1528 3429 lamina
1581 3365 1922 3442 destituta,
1985 3362 2296 3424 filiformia
2353 3362 2393 3420 Ι.
2454 3358 2688 3418 lamina
2741 3357 3082 3438 explanata
3133 3356 3245 3416 in-

628 3481 893 3535 structa.

1444 3690 1748 3768 Subordo
1784 3690 1842 3767 Ι.
1916 3685 2405 3765 Marsiliaceae.

798 3884 1105 3964 Bartliny,
1146 3879 1302 3944 Ord.
1340 3890 1474 3944 nat.
1510 3881 1713 3963 plant.
1752 3899 1818 3961 p.
1862 3881 1939 3940 45
1982 3876 2029 3959 (4
2048 3876 2224 3959 830).

755 4015 764 4020 ·
798 3984 1256 4067 conceptacula
1283 3985 1515 4067 petiolo
1546 3984 1647 4045 vel
1677 4000 1877 4063 prope
1901 3981 2086 4042 basin
2112 3977 2327 4060 petioli
2355 3978 2614 4053 inserta,
2652 3969 3233 4055 bi-quadrivalvia.

622 4089 1159 4170 Macrosporangia
1192 4096 1258 4148 et
1289 4085 1816 4167 microsporangia
1849 4085 1916 4145 in
1947 4064 2167 4145 eodem
2204 4077 2651 4158 conceptaculo
2682 4077 3054 4138 consociata.

796 4191 958 4255 Folia
999 4190 1363 4252 vernatione
1395 4189 1720 4251 circinata.
2398 4239 2415 4250 .

796 4297 1050 4358 Plantae
1083 4295 1427 4356 rhizomate
1458 4294 1520 4353 in
1556 4292 1703 4353 limo
1736 4297 1996 4370 repente
2028 4292 2476 4369 perennantes.

794 4399 1046 4463 Confer.
1133 4398 1225 4460 W.
1279 4394 1669 4477 Hofmeister,
1738 4392 2090 4474 Vergleich.
2145 4391 2392 4452 Unters.
2461 4386 2639 4447 hohr.
2691 4384 2985 4463 Cryptog.
3039 4381 3230 4443 4854.

597 4513 684 4588 ,ει
715 4506 903 4565 Beitr.
943 4522 995 4562 z.
1038 4501 1377 4562 Kenntniss
1410 4496 1476 4559 d.
1517 4497 1959 4578 Gesasskrypt.
1998 4495 2071 4559 ΙΙ.
2112 4494 2178 4553 in
2210 4487 2443 4553 Abhdl.
2482 4490 2546 4551 k.
2585 4487 2794 4550 sachs.
2828 4483 3228 4546 Gesellschft.

620 4605 684 4667 d.
725 4603 1167 4666 Wissenschft.
1205 4604 1304 4664 V..
1323 4604 1340 4662 4
1361 4603 1506 4662 857.

790 4701 903 4770 32.
970 4703 1239 4767 Pil-laria
1276 4702 1447 4765 Vaill.
1489 4706 1760 4765 Botan.
1799 4703 2031 4765 Paris
2074 4699 2118 4782 (4
2140 4697 2286 4777 727)
2324 4693 2379 4759 t:
2410 4697 2539 4759 XV.
2577 4693 2707 4775 fig.
2744 4695 2807 4754 6.
2844 4708 2912 4771 p.
2955 4689 3103 4751 ⁴59.

717 4851 726 4856 -
793 4807 1252 4885 conceptacula
1287 4803 1665 4886 pedicellata
1699 4804 1979 4885 globosa,
2018 4803 2306 4867 axillaria
2336 4802 2383 4862 1.
2421 4793 2924 4874 extraaxillaria,
2960 4793 3032 4853 in
3062 4790 3227 4854 2—t
