3450 5367
610 316 699 380 80
1698 317 2139 391 Asphniaccae.

614 498 973 550 mentorum
1014 488 1187 569 parci
1228 489 1399 550 3-6
1430 483 1636 549 medio
1676 486 2102 568 approximati
2143 488 2406 567 angusti
2447 486 2608 548 recti
2647 483 2915 549 disereti
2957 480 3215 547 demum

614 592 911 673 contigui.
988 590 1306 653 ludurium
1348 591 1589 652 lineare
1630 590 2184 652 membranaceum
2229 596 2354 652 tota
2390 590 2624 671 poyma
2661 587 2984 670 qimanda
3011 586 3217 667 cylin-

613 695 800 757 ἀνίαζ’
855 694 1358 758 manicabat
1405 692 1631 757 abacis
1692 696 2016 772 vestitum,
2083 694 2360 775 margunc
2417 692 2760 774 longissime
2813 688 3211 767 fimbriam.

615 799 854 879 Sporae
883 797 1099 859 ovales
1130 800 1404 861 minores
1436 794 1636 859 dense
1666 799 2108 859 muriculatae.
2170 798 2238 858 ln
2265 796 2500 878 petiole
2519 794 2860 859 fasciculus
2883 795 3218 874 trigonus·-

616 910 985 981 tetragonus
1016 900 1366 962 solitarius

781 1003 962 1066 leon.
1040 1002 1237 1064 Presl.
1272 1002 1321 1065 l.
1355 1023 1415 1065 c.
1450 1001 1604 1064 Tab.
1641 1003 1742 1065 111.
1779 1002 1886 1081 fig.
1929 1003 1990 1062 l.
2049 999 2394 1083 (Indusium
2427 999 2714 1081 malum.)

782 1103 955 1172 Hah.
1030 1108 1098 1168 ln
1130 1103 1402 1185 rupibus
1430 1107 1732 1168 Banatus.
1791 1105 2038 1187 (Rachel)
2059 1153 2074 1166 .
2152 1105 2222 1167 ln
2253 1107 2530 1187 rupibus
2566 1104 2872 1166 caleat-eis
2903 1100 3216 1166 Lucaniae

612 1230 809 1292 prope
841 1210 1050 1271 Castel
1090 1206 1333 1290 grande
1386 1207 1740 1290 (Gaspank
1791 1211 1854 1270 in
1897 1209 2168 1289 rupibus
2207 1210 2454 1272 insulae
2491 1208 2750 1271 Siciliae
2795 1207 2861 1270 in
2891 1202 3218 1270 Hadoniae

612 1324 677 1374 et
734 1314 1122 1374 Busambrae
1184 1310 1505 1374 montibus
1573 1311 1886 1393 (Todaro).
1999 1314 2360 1394 Spec‘mina
2420 1311 2642 1393 accepi
2698 1329 2734 1370 a
2779 1309 2879 1374 el.
2949 1307 3210 1384 Talao-o,

610 1436 676 1477 v.
715 1414 1096 1477 Hohenbizhel
1123 1426 1187 1476 et
1218 1416 1504 1478 Bois-sier.

785 1502 1003 1563 Planta
1035 1501 1740 1566 tenui-membranacea
1773 1500 2024 1582 debilis,
2064 1503 2585 1585 Gymnogramme
2631 1499 3059 1580 leptophyllae
3090 1515 3216 1558 non

612 1605 947 1682 absimilis,
990 1604 1305 1668 interdum
1340 1604 1714 1666 flavescens,
1798 1605 2132 1685 Segmenta
2166 1607 2208 1668 1.
2250 1607 2325 1668 Ο.
2377 1603 2459 1667 ad
2506 1622 2823 1666 summum
2861 1605 2899 1664 6
2922 1603 3104 1684 juga,
3152 1599 3218 1660 in

515 1745 529 1766 ,
615 1710 849 1770 infimis
878 1709 1081 1770 solum
1130 1706 1382 1770 duobus
1426 1710 1770 1789 segmentis
1803 1709 1848 1770 l.
1888 1710 1963 1770 Ο.
2013 1710 2300 1772 existunt
2343 1717 2664 1789 segmenta
2709 1703 3090 1770 secundaria
3135 1705 3219 1768 ad

613 1831 931 1875 summum
964 1813 1025 1890 2,
1066 1811 1267 1874 rarius
1300 1813 1337 1872 5
1371 1811 1673 1873 lateralia.
1728 1812 1840 1872 Pili
1871 1812 2141 1873 laminae
2171 1821 2236 1874 et
2261 1812 2476 1893 petioli
2506 1820 2572 1872 et
2606 1813 2666 1872 in
2699 1810 3026 1890 superiore
3059 1818 3125 1871 et
3153 1811 3220 1869 in

612 1916 906 1978 inferiore
935 1915 1161 1995 pagina
1196 1913 1515 1994 sedentes,
1562 1914 1722 1974 t-2
1748 1914 2082 1978 cellulares
2113 1917 2174 1977 in
2207 1913 2572 1997 glandulam
2605 1914 2845 1977 fuscam
2879 1922 3213 1988 exeuntes3

614 2018 949 2098 glandulae
991 2016 1229 2080 indusii
1272 2016 1661 2100 cylindricae
1704 2018 2030 2080 obtusael
2074 2020 2443 2097 cellulares;
2495 2019 2638 2080 cilia
2689 2014 2927 2079 indusii
2971 2016 3219 2098 longis-

613 2125 770 2184 sima
808 2119 973 2183 3-7
1013 2120 1357 2199 cellularia,
1396 2121 1718 2185 interdum
1751 2122 1815 2183 in
1846 2120 2214 2202 glandulam
2245 2122 2584 2184 coloratam
2615 2122 2936 2186 exeuntia.

788 2226 1005 2286 Paleae
1035 2242 1071 2285 e
1103 2221 1348 2286 cellulis
1379 2221 1721 2286 admodum
1767 2226 2134 2290 incrassatis
2177 2228 2581 2308 compositae,
2632 2232 2919 2287 attamen
2963 2240 3220 2301 semper

616 2348 811 2390 nervo
843 2326 1059 2407 spurio
1089 2335 1403 2388 carentes.
1467 2328 1633 2392 Folia
1658 2328 1979 2394 inevoluta
2004 2328 2322 2411 glandulis
2343 2331 2586 2411 magnis
2611 2329 2882 2411 globosis
2906 2324 3211 2409 gaudent,

614 2443 687 2493 ut
719 2433 778 2494 in
814 2431 886 2492 Α.
925 2432 1071 2492 fisso
1101 2438 1166 2491 et
1196 2429 1272 2491 A.
1308 2431 1470 2492 Ruta
1504 2433 1806 2495 muraria.
1883 2433 1978 2498 Cl.
2029 2434 2293 2498 Bois-sier
2333 2441 2400 2495 et
2446 2434 2528 2495 cl.
2561 2452 2626 2496 v.
2661 2432 2917 2513 Heufier
2958 2437 3215 2494 assueta

614 2535 989 2597 liberalitate
1034 2553 1279 2596 mecum
1335 2534 1680 2616 specimina
1743 2537 2166 2615 pulcherrima
2209 2535 2493 2618 Asplenii
2539 2534 2977 2618 bracbyphylli
3021 2533 3213 2614 Gasp.

612 2658 649 2702 a
681 2640 761 2701 el.
797 2638 1165 2721 Ges-panicii
1192 2637 1327 2717 ipso
1356 2636 1759 2702 denominata
1793 2642 2443 2721 communicaverunt,
2490 2658 2654 2721 quae
2696 2658 2842 2701 cum
2873 2637 3244 2710 Preslianis

612 2751 1001 2825 congruunt3
1053 2741 1353 2804 nonnulla
1396 2741 1604 2804 foliola
1637 2752 1964 2822 praeterea
2011 2745 2368 2826 sporangiis
2399 2744 2754 2806 immaturis
2783 2750 3014 2806 onusta
3052 2758 3222 2822 gau—

612 2846 851 2908 debant
897 2846 1056 2906 lobis
1100 2864 1185 2904 ex
1228 2854 1409 2924 parte
1448 2854 1724 2927 anguste
1763 2847 2018 2926 incisis,
2085 2856 2158 2909 ut
2199 2844 2522 2930 quandam
2551 2843 3040 2910 similitudinem
3069 2861 3215 2906 cum

611 2948 688 3011 A.
730 2950 877 3012 fisso
907 2952 1305 3028 acciperent3
1339 2958 1406 3012 at
1424 2948 1755 3012 indusium
1784 2949 2192 3030 fimbriatum,
2225 2953 2452 3014 lamina
2479 2949 3212 3021 tenui-membranacea,

616 3054 883 3133 petiolus
915 3069 1039 3112 non
1070 3050 1383 3112 coloratus
1412 3069 1663 3118 omnem
1698 3050 2160 3116 dubitationem
2200 3054 2452 3118 tollunt.

788 3153 1419 3234 SpecimenAsplenii
1446 3153 1879 3237 bracbypbylli
1897 3158 2161 3238 (ἴω-ραν.
2191 3176 2225 3219 a
2250 3159 2332 3218 cl.
2356 3157 2587 3219 Todoro
2609 3175 2753 3218 cum
2779 3154 2862 3217 cl.
2881 3175 2944 3218 v.
2967 3153 3219 3236 Heufler

614 3259 1145 3322 communicatum
1188 3258 1253 3320 in
1296 3255 1619 3321 Hadoniae
1666 3258 1961 3341 (Siciliae)
2019 3260 2290 3340 rupibus
2331 3260 2662 3324 collectum
2707 3258 3018 3339 pusillum
3060 3259 3219 3340 qui-

616 3360 785 3441 dem,
822 3371 1100 3424 attamen
1132 3361 1255 3422 buc
1284 3378 1536 3441 quoque
1566 3364 1868 3442 pertinet.

790 3466 859 3526 ln
911 3464 1086 3524 ltalia
1142 3464 1482 3543 specimina
1538 3466 1740 3544 magis
1792 3466 2138 3547 composita
2202 3467 2704 3549 tripinnatiseeta
2767 3467 3211 3542 inveniuntur,

616 3566 769 3634 dum
803 3568 1094 3630 banatica
1130 3565 1326 3628 multo
1355 3567 1737 3647 simpliciora
1772 3568 2262 3651 bipinnatiseeta
2296 3580 2449 3632 sunt
2489 3577 2553 3630 et
2585 3571 2936 3650 segmentis
2965 3570 3222 3651 prima-

616 3674 727 3734 riis
768 3671 1017 3750 trijugis
1061 3667 1360 3752 gaudent.
1467 3671 1536 3732 ln
1584 3673 1877 3736 Giornale
1929 3671 1996 3734 di
2045 3674 2302 3734 Scienze
2349 3674 2622 3736 Naturali
2677 3672 2760 3735 ed
2799 3673 3220 3738 Economiche

614 3794 887 3838 annesso
930 3774 989 3836 al
1029 3792 1079 3834 r.
1128 3774 1377 3837 lstituto
1423 3775 1690 3837 Tecnico
1734 3773 1800 3836 di
1841 3776 2145 3838 Palermo.
2221 3778 2478 3841 Volume
2523 3778 2570 3840 Ι.
2629 3779 2678 3853 (⁴
2694 3779 2844 3855 866)
2902 3794 3048 3857 pag.
3089 3775 3218 3838 227

615 3880 698 3939 cl.
738 3879 971 3941 Todoeo
1000 3879 1163 3940 banc
1202 3880 1477 3959 speeiem
1510 3877 1631 3941 sub
1678 3879 1933 3940 nomine
1959 3877 2245 3960 Asplenii
2278 3880 2471 3963 lepidi
2511 3881 2688 3944 Presl
2714 3878 3057 3956 describit3
3101 3879 3220 3941 sed

614 3982 718 4043 bic
744 4001 998 4062 quoque
1026 3991 1209 4046 autor
1251 3979 1581 4062 glandulas
1631 3982 1902 4044 laminae
1942 3992 2006 4044 et
2049 3982 2285 4044 indusii
2329 4003 2456 4045 non
2495 3992 2950 4048 commemorat
2990 3992 3058 4046 et
3103 3983 3221 4044 in·-

617 4082 801 4145 dusia
832 4083 1047 4163 glabra
1081 4087 1357 4165 margine
1390 4084 2041 4162 dentatorcrenulata
2075 4086 2380 4168 appellat.
2457 4088 2590 4168 Ego
2619 4088 2910 4150 examine
2940 4105 3223 4152 accura-

616 4188 863 4248 tissimo
908 4187 1216 4263 instituto,
1254 4186 1323 4247 in
1352 4187 1809 4266 speciminibus
1838 4208 1872 4250 a
1904 4189 1984 4250 el.
2027 4188 2262 4251 Todaro
2289 4200 2357 4253 et
2383 4209 2418 4251 a
2451 4190 2534 4253 cl.
2575 4191 2949 4273 Gaspanw'm‘
2976 4190 3225 4254 collec—

615 4291 700 4352 tis
727 4300 791 4351 et
819 4287 1155 4370 glandulas
1187 4308 1558 4354 numerosas
1599 4298 1664 4352 et
1708 4292 1959 4356 indusia
2003 4293 2318 4355 fimbriata
2361 4277 3223 4376 inveni..1n'speciminibus

612 4396 968 4477 sporangiis
997 4394 1264 4457 maturis
1292 4397 1540 4458 onustis
1585 4396 1728 4458 cilia
1758 4415 1949 4478 saepe
1978 4415 2061 4458 ex
2091 4405 2273 4477 parte
2303 4406 2590 4464 truncata
2621 4407 2808 4478 sunt,
2857 4398 2947 4460 ita
2989 4406 3064 4458 ut
3106 4398 3224 4458 in-

614 4496 873 4558 dusium
916 4507 1241 4560 crenatum
1285 4516 1429 4562 esse
1473 4499 1799 4577 videatur,
1857 4497 2028 4581 quod
2076 4517 2143 4560 re
2184 4517 2336 4561 vera
2382 4519 2508 4563 non
2551 4501 2640 4562 ita
2683 4510 2819 4582 est,
2877 4509 2956 4584 ut·
2995 4501 3226 4582 speei-

616 4601 783 4662 mina
819 4600 1096 4661 herbarii
1127 4602 1434 4666 Presliom‘
1458 4622 1711 4684 quoque
1744 4622 1844 4664 me
1873 4601 2248 4664 docuerunt.
2565 4607 2572 4611 ’

785 4705 1024 4783 Sporae
1054 4704 1120 4764 in
1151 4704 1265 4766 bac
1297 4706 1511 4786 specie
1550 4706 1709 4768 adeo
1753 4704 1838 4765 ab
1867 4703 1940 4768 A.
1981 4707 2141 4768 Ruta
2173 4708 2446 4768 muraria
2481 4706 2801 4786 differunt,
2856 4717 2928 4772 ut
2947 4707 3083 4788 jam
3115 4707 3226 4770 bis

614 4806 799 4868 heile
826 4805 1279 4888 distinguenda
1309 4809 1424 4872 sit:
1475 4810 1540 4869 in
1568 4807 1871 4888 Asplenio
1899 4810 2063 4879 Ruta
2089 4795 2371 4872 'mun-aria
2402 4812 2571 4872 eniin
2604 4811 2920 4874 maximae
2953 4813 3226 4891 irregu-
