3450 5367
602 310 732 375 292
1695 313 2145 385 Rhizous-neae.

779 477 1222 563 Gncoeptacula
1261 489 1516 560 semper
1544 478 1823 541 solitaria
1854 487 1921 541 et
1950 479 2225 560 primum
2257 476 2457 542 dense
2484 477 2719 559 pilosa,
2770 474 3052 559 deniqne
3078 476 3227 558 gla-

600 585 744 648 bra.
809 585 922 646 Pili
955 581 1310 665 parietibus
1340 581 1618 662 obliquis
1649 582 1949 645 insti-nou·
1970 627 1987 661 ,
2024 581 2261 643 lemos.

779 688 1055 751 Parietes
1098 682 1694 765 conceptaculorum
1737 684 2033 746 similiter
2070 683 2419 764 composita
2455 701 2647 763 quam
2680 683 3027 758 Ueniliae,
3070 682 3225 762 pilis

602 791 800 853 fuscis
833 790 1046 852 vestiti
1069 834 1086 865 ,
1137 795 1408 851 stomata
1442 805 1608 849 rara.
1676 789 2071 870 uacroepora
2098 796 2321 863 ovata,
2370 784 2581 848 medio
2612 786 2994 861 constricta,
3040 785 3225 864 apice

605 893 852 956 laciniis
884 895 924 954 8
953 891 1270 970 exosporii
1297 889 1873 971 pseudo-cellulosi
1897 901 2226 972 superata.
2284 891 2441 952 Tota
2466 907 2679 970 epora,
2712 897 2979 968 excepto
3006 888 3213 968 apice,

604 999 821 1059 stratis
851 993 1218 1078 gelatinosis
1243 991 1656 1072 circumdata,
1695 991 1962 1056 ductum
1985 992 2067 1055 ad
2092 993 2437 1055 mamillam
2462 1011 2542 1055 ex
2564 990 2940 1068 endosporio
2970 990 3219 1052 lorm-

601 1109 737 1161 tum
769 1095 1218 1159 efficientibus.

773 1202 1188 1279 nicrosporae
1230 1196 1726 1288 semiglobosae,
1785 1200 2114 1280 cxosporio
2156 1198 2337 1262 fusco
2382 1199 2705 1261 structura
2748 1195 3049 1258 cellulosa
3100 1214 3217 1256 ca-

601 1311 820 1379 rente,
868 1302 1298 1383 germinantes
1340 1311 1726 1382 rumpuntur
1766 1313 1832 1364 et
1860 1317 2233 1366 numerosas
2274 1301 2540 1364 cellulas
2568 1298 2861 1382 globosus
2888 1301 3213 1372 euniumt,

602 1424 768 1489 qnae
821 1413 1323 1487 spei-matoneum
1369 1402 1720 1466 solitarium
1767 1407 2129 1484 continent,
2187 1423 2315 1487 quo
2358 1404 2806 1483 archcgonium
2863 1403 3217 1465 solitu-ium

605 1508 1086 1591 proembryonis
1119 1503 1562 1568 foecundatur.

773 1613 842 1673 ln
887 1628 1055 1693 aqua
1099 1606 1412 1692 protunda
1455 1608 1671 1688 planta
1715 1612 1951 1673 sterilis
1997 1624 2245 1691 manet,
2306 1609 2457 1673 dum
2508 1609 2653 1671 folia
2700 1605 2782 1671 δ”
2830 1609 3015 1687 longa
3056 1624 3221 1689 pro-

605 1723 925 1778 creantur.

949 1883 1019 1918 ‘¹‘
1061 1888 1471 1952 Pednncnlna
1502 1887 1865 1952 declinatus
1884 1932 1902 1962 ‚
1938 1886 2467 1966 conceptaculum
2493 1883 2877 1948 bilocnlare.

770 2008 836 2070 2.
900 2008 977 2070 Ρ.
1020 2009 1270 2072 minuta
1313 2008 1549 2070 Πανίου
1605 2009 1685 2070 in
1744 2008 1865 2069 lit.
1919 2037 1997 2053 —-
2051 2005 2129 2068 A.
2172 2008 2285 2068 Br.
2342 2007 2423 2068 in
2467 2004 2873 2084 Descript.
2922 2003 3208 2064 scient.

599 2110 989 2192 d’Algerie
1026 2107 1314 2193 (ined.).
1351 2121 1399 2173 t.
1429 2112 1532 2173 38.
1565 2110 1609 2172 l.
1643 2113 1850 2175 4—20
1884 2121 1949 2174 et
1980 2110 2044 2173 in
2069 2107 2453 2171 Monatsber.
2490 2109 2608 2171 der
2638 2107 2765 2189 kgl.
2792 2102 2998 2166 Akad.
3039 2106 3217 2165 Wis-

601 2213 882 2276 senschl'.
919 2211 1149 2273 Berlin.
1196 2212 1244 2287 (l
1262 2211 1404 2293 863)
1447 2213 1696 2294 p.,435.

775 2315 930 2394 Syn.
995 2315 1062 2376 P.
1098 2332 1400 2396 pygmaea
1435 2316 1620 2398 Bory.

770 2417 934 2480 Folia
974 2414 1224 2502 l—lf'
1258 2417 1437 2499 longa
1471 2418 1863 2496 tenuissima,
1902 2416 2302 2499 pedunculus
2334 2416 2582 2479 bis-ter
2610 2415 2858 2497 longior
2885 2421 3215 2496 concepta-

598 2519 731 2585 culo
763 2519 1301 2583 breviter-ovato
1343 2520 1665 2584 biloculari
1694 2519 1942 2584 bivalvi.
2005 2519 2250 2602 Sinquli
2288 2519 2420 2581 sori
2444 2520 2693 2581 unicum
2724 2535 3213 2599 macrosporan-

596 2627 760 2708 9ium
790 2625 1178 2688 continentes.
1233 2625 1662 2706 Macrosporae
1691 2643 1813 2687 non
1835 2624 2197 2688 constrictae
2218 2621 2514 2707 ylebosae.
2581 2621 2992 2703 Microsporae
3034 2628 3213 2684 stra-

601 2729 678 2792 tis
703 2725 1053 2811 yelatinosis
1083 2726 1518 2790 circumdatae.

768 2829 951 2893 Icon.
1021 2830 1064 2891 l.
1101 2849 1160 2892 c.
1198 2828 1353 2892 fasc.
1391 2829 1546 2891 Vlll.
1587 2827 1715 2890 tab.
1752 2830 1860 2890 38.

767 2933 1020 2995 Εκιὶοσ.
1085 2932 1232 2994 Erb.
1272 2933 1442 2993 critt.
1498 2930 1632 2993 ltal.
1674 2932 1863 2996 4302.
3055 2983 3063 2990 .

767 3033 935 3097 nab.
982 3035 1052 3094 In
1079 3032 1371 3096 Sardinia
1406 3032 1800 3096 meridionali
1833 3051 2030 3113 prope
2050 3034 2267 3095 Pulam
2303 3030 2397 3114 (de
2419 3033 2668 3096 Notaris
2698 3033 2926 3113 4835);
2965 3066 3049 3078 -
3079 3034 3215 3095 De-

601 3138 762 3200 cimo
793 3138 1023 3199 Hannu
1064 3134 1417 3219 (Gennari);
1469 3138 1635 3198 inter
1667 3136 1815 3197 Cala
1861 3135 2101 3198 d’Ostia
2145 3145 2210 3198 et
2240 3137 2478 3199 Domus
2520 3135 2600 3198 de
2644 3137 2833 3200 Maria
2879 3136 3215 3198 Sardiniae

609 3240 959 3318 (Ascherson
1015 3239 1240 3322 4863);
1300 3239 1448 3303 Asia
1501 3240 1741 3301 minor:
1802 3240 2105 3321 Smyrna,
2166 3240 2231 3299 in
2287 3238 2629 3320 paludibus
2689 3240 2926 3301 montis
2982 3241 3205 3321 PaguS‚

606 3344 931 3421 (Balaam.
996 3342 1111 3404 Mai
1148 3339 1377 3423 4866);
1420 3376 1497 3388 -
1529 3341 1739 3404 Africa
1775 3341 1913 3404 bor.
1951 3359 2148 3423 prope
2182 3342 2373 3403 Oran.
2430 3341 2692 3423 (Dwieu
2726 3341 2943 3424 ⁴842).

767 3443 881 3512 33.
948 3444 1199 3508 lor-nh
1231 3445 1300 3505 L.
1339 3446 1515 3507 Gen.
1550 3445 1802 3526 plant.
1845 3446 2036 3508 4482.
2086 3442 2229 3526 (exl.
2267 3443 2426 3526 sp.).

769 3548 1228 3629 conceptacula
1281 3544 1590 3629 pedicello
1639 3547 1918 3610 indiviso
1968 3546 2067 3610 vel
2094 3632 2099 3636 ⁸
2129 3549 2373 3611 lurcato
2427 3550 2633 3612 rarius
2686 3547 3049 3611 dichotomo
3102 3548 3210 3608 in-

596 3661 872 3732 structa,
926 3651 1205 3714 solitaria
1252 3650 1351 3712 vel
1398 3649 1579 3730 plura
1629 3651 1874 3713 inferne
1919 3651 1983 3712 in
2027 3652 2261 3733 petiolo
2303 3651 2402 3713 vel
2445 3652 2524 3715 ad
2558 3652 2742 3714 basin
2772 3654 2965 3714 imam
2997 3650 3206 3732 petioli

596 3758 872 3833 inserta,
926 3756 1083 3817 rima
1129 3752 1398 3816 ventrali
1445 3751 1857 3816 dehiscentia.
1926 3755 2064 3816 Sori
2108 3754 2399 3836 oblongi,
2450 3757 2515 3817 in
2561 3754 2746 3818 dorso
2776 3754 3208 3835 conceptaculi

598 3859 905 3937 biseriati,
944 3857 1174 3939 singuli
1207 3857 1603 3937 receptaculo
1635 3856 1882 3918 elevato
1924 3858 2421 3940 subaequilongo
2450 3857 2785 3936 instructi3
2837 3876 3211 3938 macrospo-

599 3965 809 4044 raugia
841 3979 1310 4042 macrosporam
1343 3959 1688 4021 solitariam
1720 3961 2135 4038 continentia,
2174 3959 2256 4023 ad
2279 3963 2532 4025 cristam
2562 3979 2880 4024 summam
2911 3969 3211 4042 recepta-

598 4065 723 4126 culi
758 4064 1135 4141 uniseriata,
1176 4064 1706 4143 microsporangia
1740 4063 2145 4146 microsporis
2173 4067 2530 4128 numerosis
2562 4065 2783 4127 liberis
2815 4066 3092 4146 repleta,
3128 4063 3212 4127 ad

599 4166 797 4228 latera
845 4166 1075 4227 cristae
1119 4166 1499 4245 receptaculi
1543 4166 1915 4229 uniseriata.
1994 4167 2189 4227 Sorus
2233 4168 2523 4249 singulus
2566 4166 2823 4231 indusio
2866 4170 3211 4251 gelatinoso

593 4265 1047 4348 circumdatus,
1077 4266 1246 4331 unde
1268 4269 1786 4350 conceptaculum
1810 4265 2078 4331 indusiis
2100 4267 2300 4331 dense
2325 4257 2625 4334 confertis
2644 4272 3212 4353 spuria-multilo-

600 4373 839 4436 oulare.
2506 4381 2511 4386 ⁴

771 4475 1132 4538 Fasciculus
1161 4474 1426 4539 dorsum
1458 4475 1888 4557 conceptaculi
1914 4492 2297 4555 percurrens
2327 4493 2558 4539 nervos
2591 4476 2859 4557 7-jugos
2891 4479 3208 4557 pinnatim

597 4575 938 4660 dispositos
970 4579 1265 4642 emittens
1298 4579 1608 4657 turcatos,
1663 4580 1871 4641 rarius
1915 4576 2537 4659 repetito-furones,
2589 4580 2655 4640 in
2688 4578 2899 4641 medio
2934 4580 3208 4642 decursu

601 4682 859 4744 ramulis
892 4681 1204 4745 fertilibus
1237 4684 1540 4763 originem
1572 4682 1978 4762 praebentes,
2020 4681 2119 4742 hic
2148 4680 2277 4741 illic
2309 4691 2875 4744 anastomosantes.
2934 4683 3209 4745 Manilia

601 4802 1035 4862 macrosporae
1058 4784 1121 4845 in
1150 4787 1481 4866 sporangio
1507 4783 1802 4848 deorsum
1829 4790 2150 4867 spectanS,
2188 4783 2413 4847 laevis.
2469 4789 2638 4850 Folia
2662 4783 2957 4865 disticha,
2996 4787 3216 4867 petio-
