3450 5367
600 293 722 382 133
1254 287 1275 297 ”
1700 301 2100 377 Aspidiaeeae.

772 487 909 533 var.
941 466 1299 533 daltoideae
1328 471 1719 551 proximum:
1755 468 1983 534 dentes
2013 473 2386 535 lacinia-rum
2415 472 2667 554 obtusi,
2707 474 2909 537 rarius
2941 473 3046 536 hic
3078 474 3201 536 illic

597 574 769 636 acuti
801 573 845 635 Ι.
883 575 1259 636 mucronati.

772 678 841 739 In
874 676 1043 739 Silva
1077 678 1291 759 nigra:
1326 675 1657 757 Feldberg.
1712 671 1812 751 (Α.
1847 676 2119 760 Brona).

689 781 750 842 4.
801 797 960 842 var.
1011 778 1453 861 lepidetum
1497 783 1721 844 Moero.

774 883 924 962 Syn.
984 886 1243 946 Lastrea
1272 883 1547 965 lepidota
1577 887 1804 948 Hoere.

648 1066 662 1080 ·
768 987 948 1050 leon.
1013 988 1270 1050 Natural
1300 987 1453 1050 bist.
1490 985 1557 1049 oi
1580 1006 1728 1048 new
1757 984 1886 1048 and
1917 1005 2064 1049 rare
2091 986 2289 1050 ferna.
2323 988 2427 1051 ed.
2456 990 2639 1054 Lowe
2675 988 2888 1074 (¹862)
2923 991 3062 1055 tab.
3093 996 3195 1056 53.

774 1082 1033 1152 Lamina
1073 1088 1389 1153 deltoidea
1437 1088 1802 1152 atroviridis
1847 1091 2056 1171 ampla
2103 1091 3202 1175 tripinnatisecta-qnadripinnati-

600 1199 803 1270 secta,
855 1192 1022 1268 circa
1058 1190 1177 1257 40”
1210 1194 1372 1272 lata,
1408 1201 1738 1276 segmenta
1771 1193 1983 1255 1-111.
2025 1192 2266 1258 ordinis
2298 1196 2342 1257 l·.
2378 1196 2565 1257 etiam
2597 1198 2695 1259 lv.
2732 1197 2975 1262 ordinis
3019 1200 3201 1281 longe

598 1294 928 1375 petiolata;
959 1315 1014 1358 s.
1044 1297 1117 1358 11.
1140 1297 1217 1358 O.
1238 1304 1421 1359 ovata
1445 1296 1491 1357 Ι.
1518 1298 2134 1378 ovato-acuminata,
2166 1317 2222 1361 s.
2251 1299 2347 1361 111.
2371 1298 2448 1360 Ο.
2475 1308 2681 1377 enta,
2719 1301 3200 1383 pinnatipartita

598 1397 645 1458 l.
693 1397 1114 1478 pinnatisecta
1135 1447 1155 1478 ,
1186 1398 1451 1462 laciniae
1480 1409 1733 1477 ovatae,
1772 1398 2133 1481 longissime
2162 1412 2918 1484 mucronato-serrano,
2971 1406 3200 1468 subtus

598 1500 934 1582 paleaeeae
955 1548 971 1580 ,
1022 1502 1296 1583 potiolus
1324 1511 1391 1564 et
1420 1503 1640 1566 rachos
1668 1500 2050 1566 &unissime
2080 1504 2284 1584 paleis
2311 1503 2614 1582 mollibus
2643 1505 3200 1589 mio-terrugineis

602 1604 869 1685 vestita,
917 1605 1140 1686 paleae
1169 1614 1234 1669 et
1261 1606 1483 1670 rachos
1526 1604 1975 1688 glandulosae,
2027 1604 2280 1670 indnsia
2313 1608 2837 1689 subglaberrima.
2916 1612 3200 1674 Laciniae

601 1714 666 1769 et
688 1651 1011 1798 segm’enta
1035 1708 1329 1771 ordinum
1354 1711 1633 1773 omnium
1666 1706 1993 1772 distantia.
2015 1743 2102 1755 —
2122 1711 2410 1774 Varietas
2432 1714 2714 1776 omnium
2738 1712 3192 1794 pulcherrima!

776 1812 1007 1875 Scotia.
1070 1811 1279 1896 (Her-b.
1313 1813 1569 1891 noore).

774 1914 828 1998 b)
882 1915 1205 1998 Seqmenta
1233 1915 1607 1982 secundaria
1634 1916 1846 1984 lateris
1875 1916 2198 2000 &ferioris
2227 1917 2311 1982 ad
2352 1919 2534 1984 basin
2561 1918 2832 1984 laminae
2854 1918 2980 1984 vim
3011 1919 3053 1984 1.
3087 1940 3201 1982 noa

603 2015 897 2080 adaucta.

777 2120 839 2179 5.
894 2136 1047 2180 var.
1082 2116 1485 2184 dumetorum
1515 2121 1646 2184 Sm.

777 2221 929 2300 Syn.
988 2224 1172 2285 Teste
1200 2222 1442 2287 Hoelcer
1486 2226 1675 2307 Spec.
1724 2226 1814 2290 fil.
1849 2228 1948 2292 lv,
2000 2245 2068 2308 p.
2120 2227 2278 2292 ⁴28:
2331 2227 2760 2311 Nephrodium
2805 2231 3203 2311 spinulus-um

603 2320 1005 2410 dumetorum
1048 2326 1285 2391 Hoolcer
1337 2329 1488 2391 Brit.
1537 2326 1581 2390 f.
1632 2336 1678 2392 t.
1728 2329 1834 2393 24.
1884 2363 1972 2377 —-·
2021 2334 2277 2394 Lastrea
2321 2328 2581 2396 dilatata
2625 2352 2758 2397 var.
2801 2331 3201 2396 dumetorum

606 2427 809 2492 Moore
839 2428 992 2491 Brit.
1028 2427 1074 2492 f.
1123 2438 1255 2492 nat.
1294 2431 1491 2512 print.
1547 2431 1735 2495 4855.
1779 2467 1852 2481 -

734 2532 994 2598 Lamina
1018 2531 1403 2610 atroviridis‚
1434 2530 1774 2614 deltoidea,
1805 2535 2850 2624 bipinnatisecta-pinnatipartita,
2882 2549 3203 2623 segmenta

602 2633 898 2717 primaria
932 2644 998 2696 et
1042 2654 1210 2717 apex
1253 2637 1526 2699 laminae
1571 2641 1824 2718 obtusa,
1879 2649 2200 2721 segmenta
2246 2638 2625 2706 secundaria
2671 2642 2955 2705 breviter
2994 2644 3199 2725 petio-

603 2739 763 2818 lata,
812 2740 1120 2805 latissime
1152 2747 1369 2816 ovata,
1423 2740 1684 2821 obtusa,
1737 2742 2068 2822 distantia,
2109 2743 2372 2807 laciniae
2403 2746 2912 2828 approximatae,
2962 2748 3198 2825 evaleS,

602 2844 786 2925 longe
817 2852 1530 2906 mucronato-serratae.
1598 2845 1871 2910 Petiolus
1902 2855 1965 2908 et
1996 2848 2217 2912 raches
2248 2855 2348 2911 sat
2378 2846 2577 2912 dense
2607 2849 2935 2930 paleacea,
2991 2850 3206 2932 paleae

603 2946 811 3011 medio
842 2954 1050 3027 atrae,
1089 2944 1340 3012 indusia
1375 2944 1575 3012 dense
1608 2947 2001 3034 glandulosa.

774 3049 1018 3131 Anglia.
1082 3052 1444 3115 Germania.
1507 3052 1639 3113 Non
1673 3070 1838 3115 rara.

775 3173 911 3218 var.
949 3152 1352 3219 dumetorum
1386 3157 1617 3218 lamina
1651 3156 1980 3219 atroviridi
2022 3164 2086 3220 et
2118 3158 2317 3238 paleis
2347 3158 2734 3222 bicoloribus
2767 3177 2912 3221 cum
2949 3158 3206 3241 Aspidio

464 3292 490 3309 ·
603 3258 928 3343 spinuloso
960 3277 1085 3321 non
1118 3257 1652 3343 confundendum,
1692 3263 1794 3324 cui
1827 3261 2031 3323 simile
2063 3262 2410 3343 segmentis
2431 3259 2823 3326 secundariis
2839 3262 3071 3327 lateris
3101 3264 3209 3325 in·-

604 3361 848 3425 ferioris
881 3381 1006 3424 non
1039 3359 1350 3427 adauctis

777 3464 930 3527 Huic
960 3466 1250 3527 varietati
1283 3466 1636 3547 proximum
1669 3474 1769 3530 est
1798 3465 2116 3550 Aspidz'um
2146 3466 2654 3551 campylopterum
2684 3469 2896 3531 Kunze
2940 3470 3005 3530 in
3032 3467 3212 3531 Silli-

605 3585 750 3631 man
782 3567 1049 3632 Americ.
1097 3570 1315 3631 Journ.
1351 3569 1487 3633 Vol.
1538 3571 1635 3633 VI.
1684 3570 1934 3655 (Novbr.
1976 3570 2164 3654 ⁴848)
2202 3592 2266 3652 p.
2308 3573 2384 3633 84
2409 3620 2425 3652 ,
2474 3573 2654 3651 cujus
2698 3573 3047 3655 specimina
3079 3592 3212 3635 nu·-

542 3661 551 3678 ‘
602 3673 1025 3736 merosissima
1076 3672 1141 3735 in
1174 3673 1466 3737 herbario
1512 3675 1750 3736 Kunzei
1796 3683 1860 3736 et
1904 3675 1985 3738 ab
2034 3678 2215 3737 amic.
2281 3676 2531 3739 Breutel
2568 3679 2811 3738 mecum
2846 3677 3212 3739 communi—

601 3786 740 3841 cata
786 3779 1146 3840 examinare
1191 3780 1398 3858 potui,
1457 3776 1764 3859 descripsi
1808 3779 1971 3841 hanc
2016 3779 2295 3860 plantam
2333 3778 2463 3858 jam
2510 3797 2676 3841 anno
2725 3780 2890 3840 ⁴858
2935 3780 3001 3840 in
3045 3781 3205 3841 Nov.

603 3881 777 3945 Actis
807 3883 941 3946 Vol.
986 3881 1198 3945 XXVI.
1250 3881 1313 3943 P.
1348 3883 1416 3944 11.
1469 3901 1612 3963 pag.
1655 3883 1801 3945 526.
1870 3884 2074 3944 Kunze
2118 3879 2283 3943 hanc
2324 3881 2607 3962 plantam
2653 3880 2918 3943 formam
2962 3879 3210 3965 Aspidii

605 3983 910 4066 spinulosi
943 3983 1171 4063 habet,
1209 3993 1275 4047 at
1307 4004 1373 4046 re
1407 4004 1556 4048 vera
1589 3986 1787 4048 multo
1819 3987 2077 4066 propior
2106 3981 2368 4065 Aspidio
2400 3980 2663 4047 dilatato
2694 3985 2835 4047 esse
2866 3984 3139 4047 videtur.

775 4087 1062 4166 Habitus,
1104 4088 1272 4150 color
1294 4088 1583 4168 laminae,
1624 4088 1843 4170 paleae
1866 4087 2199 4161 bicolores,
2239 4106 2462 4169 sperae
2494 4088 2747 4149 omnino
2764 4087 3008 4170 Aspidii
3033 4088 3212 4151 dita*-

602 4190 713 4254 tati
747 4199 917 4273 sunt,
958 4210 991 4253 a
1025 4209 1150 4272 quo
1181 4191 1521 4273 praecipue
1551 4191 1749 4253 latere
1782 4190 2079 4254 inferiore
2105 4200 2576 4273 segmentorum
2608 4192 2653 4252 1.
2683 4193 2769 4268 ἱΟ.
2811 4192 2914 4254 vix
2938 4190 3211 4255 adaucto

601 4292 835 4356 differt.
870 4292 1263 4358 Secundum
1297 4294 1374 4356 ci.
1412 4296 1633 4357 szze
1657 4296 1812 4358 haec
1841 4296 2056 4377 planta
2100 4295 2181 4357 ab
2211 4294 2286 4357 A.
2325 4275 2654 4377 spinuloso
2684 4288 2938 4357 differre
2977 4293 3214 4358 dicitur

602 4385 947 4481 segmentis
974 4397 1296 4480 primariis
1340 4398 1573 4460 infimis
1615 4418 1870 4463 sursum
1904 4397 2219 4473 curvatis3
2268 4406 2333 4458 at
2365 4398 2518 4460 haec
2550 4395 2904 4461 differentia
2935 4399 3098 4461 levis
3128 4417 3214 4460 ne

600 4503 667 4564 in
700 4501 990 4583 plurimis
1015 4501 1271 4583 quidem
1294 4502 1754 4583 speciminibus
1780 4500 2177 4566 observanda
2210 4510 2327 4564 est.
2379 4504 2510 4584 Ego
2541 4504 2706 4565 hanc
2721 4501 3001 4585 plantam
3031 4517 3216 4565 ame-

600 4605 886 4669 ricanam
915 4603 1049 4669 vidi
1078 4621 1155 4667 ex
1189 4603 1564 4669 La‘bradoria
1613 4614 1677 4668 et
1709 4604 2126 4667 Groenlandia
2168 4603 2448 4689 (BrentelJ
2476 4652 2492 4684 ,
2543 4604 3110 4670 Now-Foundland
3145 4609 3214 4666 'et

601 4729 682 4772 ex
714 4709 981 4773 summis
1010 4709 1248 4771 »Black
1278 4708 1674 4772 Mountains«
1706 4708 2036 4774 Carolinae
2064 4710 2360 4772 borealis.
2406 4707 2634 4793 (Ruqel)
2661 4708 2896 4786 [Folia
2927 4708 3218 4772 breviter

598 4813 926 4897 petiolata,
964 4813 1239 4903 potiolus
1274 4830 1416 4880 cum
1449 4810 1621 4881 rachi
1653 4811 1851 4900 paleis
1882 4810 2257 4902 ferrugineis
2288 4809 2496 4879 medio
2526 4813 2684 4878 atris
2713 4812 3008 4880 vestitus.
3073 4813 3215 4878 La·-
