3450 5367
1363 334 1665 393 Woodsia.
2696 331 2721 393 1
2735 329 2821 394 69

221 509 395 578 tum;
430 498 574 564 folia
607 498 741 563 fere
770 499 1147 581 glaberrima
1172 501 1461 564 breviter
1483 500 1782 582 petiolata
1816 496 2059 586 2}''—-l
2076 497 2159 564 0”
2191 501 2371 583 longa
2397 510 2462 564 et
2487 500 2814 579 breviora;

221 605 498 686 potiolus
524 598 739 690 4—3''
771 600 997 682 longus
1027 622 1172 665 cum
1207 604 1381 666 rachi
1412 603 2018 666 albo-stramiacus
2049 600 2292 665 nitidus
2324 604 2367 665 1.
2407 603 2682 682 rufulus;
2720 604 2823 666 la-

221 710 395 771 mina
424 704 1128 771 tenui-membranacea
1154 717 1421 790 anguste
1451 707 1798 770 lanceolata
1825 706 2182 770 acuminata
2207 706 2388 769 basin
2415 726 2639 770 versus
2663 726 2819 771 sen-

218 811 341 874 sim
380 808 730 874 admodum
785 807 1158 895 decrescens
1211 810 1670 892 pinnatisecta;
1729 818 2054 891 segmenta
2105 809 2381 888 sessilia,
2451 812 2660 873 infima
2717 808 2820 872 3'''

222 916 408 995 longa
440 922 508 976 et
535 912 851 994 breviora,
888 911 1095 975 media
1129 911 1232 976 7'''
1264 948 1350 961 --
1378 913 1870 993 ultrapollicaria
1890 957 1907 991 ,
1945 911 2322 976 alternantia
2353 913 2560 977 laxius
2591 913 2822 994 dispo-

221 1019 342 1082 sita
376 1036 414 1080 e
442 1016 585 1080 basi
613 1016 838 1078 latiore
867 1015 1152 1097 oblonga.
1168 1015 1394 1079 obtusa
1427 1015 1566 1079 basi
1600 1016 2082 1098 pinnatipartita
2114 1016 2156 1078 l.
2194 1014 2607 1097 pinnatilida3
2657 1017 2820 1080 laci-

221 1120 363 1184 niae
408 1118 883 1201 approximatae
926 1117 1228 1201 oblongae
1271 1127 1337 1182 et
1381 1120 1598 1182 ovales
1637 1118 1905 1182 obtusae
1948 1119 2225 1201 integrae
2267 1119 2310 1181 1.
2361 1138 2551 1202 parce
2596 1119 2820 1183 obtuse

224 1222 521 1286 dentatae
549 1221 591 1284 1.
631 1219 947 1304 repandae
979 1223 1263 1303 margine
1291 1222 1607 1305 glandulis
1637 1223 1882 1304 magnis
1912 1221 2275 1301 cylindricis
2319 1241 2510 1303 parce
2553 1224 2818 1286 vestitae

224 1344 495 1389 nervum
528 1326 720 1389 ramis
766 1323 1019 1387 duobus
1062 1324 1108 1386 l.
1158 1324 1366 1388 tribus
1412 1325 1455 1387 l.
1509 1335 1779 1407 quatuor
1808 1325 2269 1390 alternantibus
2315 1327 2648 1408 pinnatum
2693 1345 2820 1389 ex-

220 1429 531 1511 cipientes
577 1446 975 1506 monosorae;
1024 1446 1210 1492 sorus
1252 1425 1374 1492 sub
1418 1428 1597 1509 apice
1643 1429 1800 1492 rami
1847 1430 2045 1491 infimi
2092 1428 2369 1506 sessilis,
2423 1428 2816 1492 involucrum

224 1529 1442 1611 majusculum‚tenui-membranaceum
1475 1530 1801 1612 globosum
1835 1531 2122 1594 inflatum
2156 1528 2409 1594 demum
2442 1532 2622 1614 apice
2652 1531 2822 1593 irre-

222 1634 530 1716 gulariter
559 1630 918 1715 disruptum
952 1631 1270 1715 glandulis
1301 1632 1659 1717 cylindricis
1689 1635 1851 1697 raris
1884 1635 2211 1699 vestitum.

392 1738 574 1801 loon.
638 1736 874 1802 Hooker
903 1738 946 1800 1.
984 1757 1041 1801 c.
1078 1736 1233 1800 Tab.
1272 1739 1375 1800 98.

390 1838 554 1903 nab.
631 1840 991 1904 Mancburia
1044 1838 1137 1925 (0.
1194 1838 1470 1924 Wilford.
1523 1840 1708 1903 ⁴859.
1772 1840 1883 1901 No.
1937 1838 2154 1923 ⁴094).
2203 1872 2286 1887 -
2344 1840 2551 1922 Supra
2599 1843 2822 1923 Uanng

217 1944 485 2008 bobosa.
544 1940 832 2026 (Mueck).

392 2044 722 2109 Woodsiae
752 2045 997 2127 fragilis
1026 2044 1270 2126 similis,
1304 2045 1595 2108 facillime
1617 2045 1915 2111 Woodsia
1942 2046 2445 2110 manchuriensis
2468 2044 2814 2127 distingui-

213 2161 324 2215 tur
374 2150 606 2212 lamina
660 2149 807 2231 pilis
861 2148 1202 2230 destituta,
1275 2150 1494 2212 nervis
1555 2151 1858 2214 tertiariis
1920 2148 2264 2213 rarioribus
2322 2149 2810 2229 alternantibus,

217 2253 466 2316 laciniis
496 2251 846 2316 monosoris
878 2261 1003 2314 etc.
2438 2267 2444 2275 ·

387 2357 612 2418 Paleae
660 2353 1123 2434 rufo-fuscae,
1176 2363 1436 2436 tenues,
1488 2357 1629 2420 laxe
1661 2357 2061 2437 reticulatae‚
2116 2357 2555 2439 integerrimae
2599 2355 2641 2418 Ι.
2678 2356 2816 2420 basi

212 2453 646 2544 flagelliferae,
686 2457 1092 2522 lanceolatae.

388 2563 627 2645 Sporae
656 2561 985 2643 globosae,
1024 2561 1414 2641 atrofuscae,
1452 2564 1879 2627 minutissime
1909 2564 2306 2645 granulosae.

387 2662 713 2729 Indusium
748 2663 941 2727 forma
975 2671 1039 2726 et
1070 2664 1505 2747 magnitudine
1535 2668 1777 2748 speciei
1809 2664 2217 2749 praecedenti
2249 2665 2658 2728 simillimum.

388 2771 457 2832 In
500 2769 715 2832 infimo
759 2766 991 2847 petiole
1029 2747 1315 2857 fasciculi
1361 2766 1487 2832 duo
1525 2770 1774 2866 wales,
1826 2771 1937 2852 qui
1980 2768 2240 2851 paulum
2287 2781 2477 2850 supra
2521 2767 2705 2831 basin
2752 2770 2814 2829 in

213 2893 415 2937 unum
449 2890 743 2954 magnum
778 2853 1269 2952 conjunguntur.

388 2979 590 3057 Margo
633 2974 1001 3036 laciniarum
1049 2970 1388 3037 denticulis
1433 2975 1681 3039 obtusis
1726 2975 2196 3056 microscopicis
2236 2974 2510 3056 hyalinis
2555 2976 2818 3041 tumidis

211 3077 799 3158 circumdatusest,
838 3078 948 3160 qui
982 3077 1086 3140 bic
1113 3076 1241 3139 illic
1271 3077 1608 3160 glandulas
1631 3080 1945 3142 solitarias
1969 3071 2228 3162 magnas
2251 3078 2629 3161 cylindricas
2659 3081 2818 3142 uni-

211 3184 545 3246 cellulares
576 3189 829 3261 gerunt.

388 3287 732 3347 Nervorum
764 3283 977 3364 apices
1009 3284 1243 3346 sensim
1277 3284 1535 3367 paulum
1569 3286 1941 3367 incrassati,
1979 3287 2166 3368 longe
2195 3285 2316 3349 sub
2347 3284 2610 3349 laciniae
2642 3304 2821 3349 mar-

213 3389 362 3472 gine
390 3386 780 3451 desinentes.

388 3489 601 3554 Altera
636 3489 986 3571 specimina
1017 3489 1495 3553 benevolentiae
1523 3492 1601 3554 cl.
1625 3494 1732 3554 Dr.
1755 3491 1994 3558 Hooker
2022 3491 2260 3574 debeo,
2280 3493 2477 3554 altera
2506 3489 2820 3556 manchu-

212 3597 381 3674 riea,
418 3614 452 3656 a
486 3595 569 3657 cl.
605 3590 824 3656 Maack
865 3591 1163 3671 collecta,
1215 3595 1281 3656 in
1314 3595 1605 3658 herbario
1637 3613 1805 3660 caes.
1857 3597 2019 3659 horti
2051 3596 2496 3678 Petropolitani
2528 3595 2819 3659 indeter—

208 3700 450 3761 minata
494 3697 734 3759 inveni.
813 3696 1030 3758 Planta
1086 3715 1120 3757 a
1165 3696 1248 3759 cl.
1301 3696 1561 3778 Wilford
1612 3698 1875 3761 collecta
1933 3719 1967 3762 a
2019 3698 2388 3762 Maackiana
2442 3700 2818 3761 vestimento

209 3800 433 3864 differe
478 3798 753 3864 videtur.
819 3798 912 3861 Cl.
965 3798 1199 3864 Hooker
1243 3800 1322 3864 de
1354 3800 1731 3864 vestimento
1761 3802 1915 3863 nihil
1951 3800 2143 3880 dicit,
2195 3807 2263 3862 at
2294 3807 2503 3861 tamen
2536 3800 2602 3863 in
2638 3800 2819 3884 frag-

212 3905 446 3968 mentis
491 3905 742 3986 plantae
785 3900 1232 3966 Wilfordianae
1283 3903 1347 3965 in
1400 3905 1685 3985 margine
1742 3905 2014 3967 laminae
2062 3901 2390 3986 glandulas
2435 3903 2816 3984 cylindricas

211 4027 341 4071 non
387 4025 564 4069 raras
600 4006 838 4068 inveni.
904 4006 968 4067 In
1011 4005 1465 4086 speciminibus
1495 4008 2036 4071 numerosissimis
2076 4025 2109 4068 a
2156 4006 2235 4068 cl.
2271 4004 2492 4070 Maack
2534 4007 2816 4070 collectis

207 4110 421 4175 rachis
451 4126 706 4193 quoque
736 4126 877 4170 cum
911 4107 1142 4172 lamina
1176 4108 1543 4191 glandulosa
1575 4119 1706 4191 est,
1760 4112 1826 4173 in
1857 4110 2108 4174 indusio
2138 4109 2471 4194 glandulae
2501 4109 2818 4193 cylindri-

207 4232 327 4277 eae
356 4231 654 4293 sparsae,
707 4220 774 4274 et
804 4214 865 4276 in
900 4213 1268 4275 laciniarum
1302 4213 1439 4278 basi
1483 4233 1607 4275 non
1654 4234 1795 4277 raro
1826 4214 1951 4277 sori
1985 4213 2111 4277 duo
2142 4210 2390 4276 sedent.
2456 4214 2815 4296 Specimina

206 4317 294 4381 ad
325 4334 644 4379 summum
679 4313 802 4401 iif'
836 4316 1017 4398 longa
1049 4324 1114 4378 et
1148 4312 1226 4377 ⁴¹¹
1258 4315 1436 4379 lata
1419 4317 1656 4379 inveni.
1715 4317 1936 4382 Paleae
1962 4317 2246 4399 margine
2276 4316 2676 4398 flagellil'erae
2700 4329 2815 4378 ra-

204 4421 346 4483 rius
376 4417 697 4501 glandulis
728 4418 1088 4500 cylindricis
1131 4419 1397 4482 vestitae
1426 4428 1600 4482 sunt.
1666 4421 1953 4483 Laciniae
2001 4420 2320 4512 spxjugae.
2385 4420 2638 4483 lndusia
2674 4421 2816 4500 pri-

206 4540 389 4585 mum
416 4520 663 4600 albida,
704 4519 979 4603 denique
1012 4521 1172 4584 rufa.

385 4625 648 4705 Species
690 4624 868 4707 longe
913 4623 1165 4687 diversa
1198 4632 1297 4687 est
1327 4622 1621 4689 Woodsia
1670 4622 2167 4708 polysticboides
2199 4625 2439 4687 Baton
2422 4645 2486 4688 1n
2523 4626 2779 4709 Wraeyht'
2781 4645 2815 4690 s

205 4728 402 4794 Herb.
462 4727 530 4791 ol*
582 4725 881 4809 quqold
936 4725 1372 4811 and-Rodyers
1420 4730 1490 4792 U.
1542 4729 1609 4792 S.
1658 4729 1849 4791 North
1905 4727 2092 4790 Pacif.
2147 4728 2403 4809 Explor.
2448 4726 2697 4811 Exped.
2749 4739 2814 4792 et

201 4830 448 4898 Becker
476 4827 725 4897 Second
756 4831 1037 4920 century
1064 4829 1132 4893 of
1157 4831 1326 4899 rems
1355 4831 1510 4898 Tab.
1547 4833 1656 4918 11.,
1695 4832 1956 4898 collecta
1989 4850 2024 4894 a
2056 4830 2137 4899 cl.
2177 4830 2416 4922 Wriqht
2442 4849 2638 4921 prope
2672 4834 2807 4899 Ha-
