3450 5367
629 267 756 334 192
1695 269 2172 348 ophioglossene.

632 440 975 522 generibus
1001 440 1103 501 bic
1134 456 1385 521 quoque
1414 458 1450 502 a
1482 439 1564 501 cl.
1598 431 1779 504 Pras!
1806 458 2111 503 numerus
2134 441 2612 522 Botrycbiorum
2637 438 2983 504 admodum
3014 449 3226 506 auctus

631 552 753 623 est,
790 550 862 606 ut
890 562 973 605 ex
1006 542 1129 605 illis
1164 540 1243 604 47
1273 541 1614 622 speciebus
1644 562 1873 606 novem
1907 543 2286 622 rejiciendas
2319 544 2606 606 babeam.
2647 579 2731 592 -

805 647 1031 710 Contra
1075 664 1192 726 ego
1236 644 1469 707 summi
1516 649 1815 708 momenti
1862 647 2330 710 collocationem
2377 649 2681 727 segmenti
2725 647 2961 711 sterilis
3009 646 3222 725 habeo,

631 748 803 831 quod
829 758 943 814 aut
973 767 1171 829 prope
1200 747 1476 810 rbizoma
1509 756 1622 810 aut
1652 750 1716 812 in
1751 747 1958 812 media
1988 750 2205 831 planta
2224 795 2240 828 ‚
2278 750 2459 830 longe
2490 769 2524 811 a
2560 749 2902 813 rbizomate
2932 759 3228 812 remotum

633 854 975 916 invenitur.
1043 849 1282 915 Deinde
1325 850 1671 933 epidermis
1715 851 2136 915 differentiam
2178 851 2722 915 distinctissimam
2755 870 3083 932 nunquam
3118 872 3229 914 va·-

632 957 917 1020 riabilem
964 956 1261 1037 praeben
1314 955 1467 1017 baec
1508 955 1676 1017 enim
1722 956 1787 1016 in
1834 957 2016 1018 unica
2051 955 2261 1034 specie
2313 953 2398 1036 (in
2433 957 2760 1037 Botrycbio
2790 958 3164 1038 virginiano)
3198 974 3229 1016 e

628 1061 875 1124 cellulis
906 1060 1203 1122 flexuosis
1233 1059 1575 1139 composita
1608 1064 1729 1135 est,
1766 1066 1839 1119 ut
1870 1058 1933 1120 in
1968 1058 2293 1139 plerisque
2324 1058 2790 1141 Polypodiaceis
2819 1067 2884 1121 et
2911 1059 3229 1140 Dicotyle-

631 1162 851 1227 doneis
870 1211 886 1244 ,
940 1162 1092 1226 dum
1124 1164 1190 1225 in
1221 1162 1515 1225 omnibus
1546 1161 1687 1223 aliis
1719 1158 2190 1242 Botrycbiorum
2222 1162 2559 1243 speciebus
2590 1160 3003 1243 epidermidis
3033 1162 3229 1223 cellu-

632 1269 730 1330 lae
759 1267 1088 1348 elongatae
1120 1265 1562 1344 inveniuntur,
1602 1275 1671 1327 ut
1702 1265 1768 1327 in
1806 1263 2126 1347 plerisque
2158 1262 2782 1347 Monecotyledoneis.

804 1370 920 1432 Vix
965 1370 1026 1431 in
1061 1369 1187 1432 ullo
1233 1368 1353 1430 alio
1384 1386 1615 1449 genere
1647 1367 1882 1430 filicum
1931 1367 2353 1432 architectura
2387 1368 2656 1430 laminae
2685 1377 2814 1429 tam
2846 1368 3058 1449 gravis
3091 1385 3224 1429 mo·-

635 1472 830 1536 menti
872 1478 1004 1551 est,
1057 1489 1250 1553 quam
1293 1472 1356 1532 in
1393 1470 1764 1552 Botrycbiis.
1833 1470 2084 1553 (Confer
2126 1470 2587 1553 descriptiones
2615 1470 2932 1552 Botrychii
2979 1471 3225 1552 lanugi-

628 1575 787 1648 nosi,
821 1571 1137 1636 daucifolii
1169 1582 1233 1636 et
1262 1574 1640 1654 virginiani).
1710 1573 2053 1637 Character
2082 1574 2543 1638 architecturae
2573 1592 2698 1635 non
2731 1574 2935 1636 solum
2963 1574 3025 1635 in
3051 1592 3227 1653 mag-

634 1674 947 1755 nitudine,
983 1695 1147 1759 quae
1175 1674 1407 1740 dicitur
1437 1678 1722 1758 relativa,
1762 1686 2235 1757 segmentorum
2264 1674 2531 1739 secundi
2558 1676 2800 1740 ordinis
2834 1677 3085 1755 nititur,
3123 1673 3223 1738 sed

630 1781 817 1844 etiam
870 1780 932 1841 in
977 1780 1391 1861 dispositione
1435 1778 1657 1843 borum
1704 1787 2209 1860 segmentornm,
2269 1799 2433 1862 quae
2478 1789 2590 1844 aut
2630 1780 2973 1843 anadroma
3040 1778 3130 1861 (ut
3169 1780 3222 1838 in

630 1885 959 1966 Botrychio
989 1883 1361 1966 virginiano)
1388 1930 1404 1961 ,
1441 1893 1555 1972 Qut
1582 1879 1943 1946 catadroma
1986 1879 2079 1964 (ut
2109 1883 2173 1944 in
2205 1884 2273 1945 B.
2312 1882 2682 1962 dauciiolio,
2733 1887 2800 1945 B.
2839 1884 3216 1964 lanuginoso,

630 1989 698 2049 B.
736 1985 1003 2070 ternato)
1044 1985 1489 2049 observantur.
1568 1988 1689 2049 Has
1729 1986 1903 2068 leges
1946 1984 2158 2049 adhuc
2188 2005 2312 2049 non
2345 1986 2718 2051 observatas
2749 2003 3078 2067 nunquam
3107 1984 3222 2047 fal-—

630 2090 894 2152 laciosas
924 2090 1160 2152 inveni.

805 2192 957 2255 Sine
989 2193 1114 2254 ullo
1144 2190 1340 2256 dubio
1366 2203 1620 2256 autores
1650 2191 1860 2256 adbuc
1892 2195 2081 2256 nimis
2106 2212 2397 2275 magnam
2427 2194 2552 2255 vim
2589 2194 2832 2275 patriae
2867 2192 3223 2276 Botrychio-

636 2312 773 2356 rum
814 2294 1276 2376 attribuerunt,
1348 2297 1433 2358 ita
1476 2307 1546 2360 ut
1587 2299 1871 2378 plantam
1917 2298 2242 2361 asiaticam
2286 2297 2385 2358 vel
2432 2298 2857 2360 americanam
2904 2295 3221 2378 paululum

632 2396 1026 2460 differentem
1072 2399 1157 2460 ab
1199 2417 1509 2483 europaea
1556 2402 1769 2463 statim
1817 2401 2092 2481 speciem
2143 2402 2462 2482 propriam
2512 2398 2888 2478 habuerint;
2947 2397 3014 2462 id
3067 2398 3220 2461 enim

633 2520 759 2564 non
791 2498 1150 2583 negandum
1183 2511 1303 2583 est,
1356 2503 1664 2585 plurimas
1695 2504 1940 2584 species
1972 2500 2311 2567 admodum
2344 2503 2592 2567 variare
2623 2514 2687 2567 et
2717 2522 2914 2585 super
2944 2519 3221 2583 magnam

634 2613 839 2667 terrae
867 2613 1113 2686 partem
1147 2604 1468 2687 dispersas
1498 2626 1671 2684 esse3
1708 2607 1817 2689 qui
1850 2604 2071 2670 barum
2104 2608 2459 2689 specierum
2490 2626 2730 2689 paucas
2761 2607 2970 2670 solum
3001 2605 3225 2667 formas

634 2707 899 2770 fortasse
942 2718 1257 2774 extremas
1300 2709 1564 2790 viderit,
1624 2708 1810 2772 facile
1855 2711 2050 2792 magis
2095 2710 2175 2773 ad
2223 2713 2470 2791 species
2511 2706 2838 2792 augendas
2879 2726 3224 2791 propensus

632 2811 784 2891 erit,
837 2830 1024 2892 quam
1071 2809 1150 2875 ad
1194 2811 1679 2876 contrahendas.

801 2911 898 2975 Ad
923 2914 1438 2978 distributionem
1462 2916 1932 2998 Botrycbiorum
1967 2916 2439 2997 intelligendam
2476 2915 2602 2980 duo
2626 2925 2846 2981 centra
2872 2916 3219 2990 sufficiunt;

633 3016 901 3081 alterum
935 3019 999 3079 in
1032 3019 1276 3099 Europa
1310 3020 1544 3083 boreali
1578 3021 1769 3083 situm
1792 3067 1807 3098 ,
1860 3017 2027 3083 unde
2057 3020 2461 3102 Botrycbium
2494 3021 2951 3101 virginianum‚
2994 3024 3065 3083 B.
3100 3029 3224 3082 ter-

635 3129 888 3200 natum‚
940 3123 1005 3182 Β.
1035 3123 1339 3204 simplex,
1392 3126 1459 3187 B.
1499 3124 1803 3198 Lunaria,
1859 3126 1922 3184 Β.
1967 3123 2621 3203 matricariaefolium‚
2669 3125 2741 3184 B.
2793 3123 3219 3201 lanceolatum,

630 3227 697 3287 B.
734 3225 1020 3304 boreale,
1059 3229 1127 3289 B.
1163 3229 1653 3291 crassinervium
1684 3228 2002 3308 exierunt,
2039 3227 2305 3289 alterum
2341 3228 2403 3288 in
2438 3227 2582 3290 Asia
2615 3226 2978 3309 subtrepica
3010 3228 3218 3305 situm,

636 3327 804 3391 unde
828 3332 893 3390 B.
930 3329 1367 3413 lanuginosum
1401 3313 1466 3394 et
1495 3333 1563 3393 B.
1601 3329 2007 3395 daucifolium
2038 3348 2292 3409 egressa
2326 3340 2500 3394 sunt.

808 3432 988 3493 Nunc
1019 3436 1310 3514 sequitur
1337 3445 1658 3498 tentamen
1692 3434 2175 3515 monographiae
2205 3433 2676 3515 Botrycbiorum
2709 3435 3014 3496 omnium.

773 3554 859 3604 Ad
877 3555 1008 3604 not.
1063 3553 1197 3605 Eam
1221 3554 1442 3620 plantae
1470 3558 1697 3621 partem,
1729 3555 1876 3621 quod
1904 3558 2249 3619 segmentum
2276 3552 2465 3605 sterile
2483 3565 2678 3604 revera
2704 3556 2804 3617 est,
2835 3552 3014 3605 solum
3041 3552 3110 3602 ad
3138 3566 3223 3602 er-

636 3654 793 3693 rores
820 3640 1070 3694 vitandos
1095 3640 1400 3704 „laminam
1427 3642 1720 3695 sterilem“
1750 3642 1806 3693 in
1830 3641 2294 3709 descriptionibus
2320 3642 2456 3694 meis
2482 3641 2773 3707 appellavi.

1400 3811 1406 3816 ’
1541 3817 1596 3898 g.
1632 3818 1689 3880 1.
1752 3814 2307 3882 moueeuulam.

806 3935 1087 4000 Cellulae
1144 3935 1554 4018 epidermidis
1598 3946 1840 4018 rectae,
1908 3955 2032 4000 non
2065 3937 2408 3999 flexuosae.

805 4038 865 4121 a)
917 4040 1263 4121 Oblongse.
1354 4043 1605 4104 Lamina
1649 4041 1888 4104 sterilis
1945 4040 2206 4122 oblonga
2271 4041 2311 4101 Ι.
2364 4048 2584 4117 ovata,
2642 4037 2708 4100 in
2768 4038 2970 4102 media
3016 4038 3229 4118 planta

637 4141 862 4219 posita.
927 4144 1102 4206 Basis
1135 4143 1263 4205 folii
1295 4146 1508 4207 infima
1539 4163 1823 4227 gemmas
1857 4142 2185 4208 includens
2213 4141 2499 4225 undique
2530 4141 2766 4204 clausa.

810 4242 873 4310 1.
934 4246 1012 4309 Β.
1061 4246 1342 4310 Lanarius
1382 4248 1509 4311 Sw.
1560 4250 1619 4309 in
1666 4245 1997 4310 Schrad.
2044 4250 2309 4312 Journ.
2367 4249 2526 4310 Bet.
2596 4245 2807 4329 (4800)
2867 4244 2939 4307 11.
2988 4263 3054 4326 p.
3112 4245 3229 4306 440

635 4355 701 4408 et
730 4347 885 4429 Syn.
923 4349 1006 4411 fil.
1053 4349 1263 4433 (4806)
1301 4370 1366 4431 p.
1405 4352 1550 4414 474.
1586 4387 1673 4400 -
1703 4353 1869 4418 Mete.
1904 4351 2014 4413 Fil.
2052 4351 2218 4414 hort.
2254 4353 2423 4433 Lips.
2467 4353 2518 4429 (4
2536 4350 2678 4434 856)
2718 4369 2784 4430 p.
2823 4351 2972 4413 424.

806 4454 960 4532 syn.
1026 4453 1353 4517 Osmunda
1384 4457 1657 4518 Lunaria
1686 4459 1758 4519 L.
1794 4475 1839 4517 α
1869 4455 1982 4537 Sp.
2032 4456 2118 4536 pl.
2167 4453 2268 4517 ed.
2321 4456 2389 4519 ΙΙ.
2440 4474 2503 4535 p.
2561 4456 2749 4517 4549.
2788 4489 2874 4502 -
2904 4455 2971 4516 Β.
3009 4454 3229 4516 140οωί

632 4557 814 4620 Lowe
841 4559 906 4619 F.
942 4558 1093 4621 brit.
1125 4557 1252 4622 and
1282 4578 1377 4621 ex.
1410 4559 1541 4622 Vol.
1578 4560 1703 4622 Vll.
1741 4569 1790 4620 t.
1827 4561 1907 4620 66
1940 4560 2005 4622 Β.
2044 4591 2116 4606 -
2151 4561 2322 4620 Botr.
2362 4559 2646 4621 lunatum
2681 4558 2873 4640 Groy.
2912 4560 3050 4620 Nat.
3089 4556 3226 4620 Arr.

633 4661 785 4722 Brit.
838 4659 927 4721 Pl.
975 4660 1045 4722 Π.
1100 4663 1203 4723 49.
1262 4696 1332 4710 -
1393 4664 1703 4745 Botrypus
1744 4662 2013 4725 Lunaria
2056 4663 2225 4726 Rich.
2278 4662 2416 4728 Cat.
2464 4663 2628 4726 Med.
2687 4662 2893 4746 (4804)
2953 4664 3102 4728 420.
3148 4695 3232 4707 -

635 4761 962 4828 osmunda
994 4762 1210 4827 lunata
1239 4764 1463 4829 Salisb.
1501 4766 1684 4829 Prod.
1725 4764 1872 4830 404.
