3450 5367
572 288 692 354 168
1660 291 2062 365 Aspidiaceae.

734 459 903 525 nab.
972 460 1092 539 „ln
1138 460 1327 522 terris
1371 460 1531 523 mari
1564 459 1793 542 Caspio
1823 458 2265 540 adiacentibus
2315 457 2606 543 (Blume);
2657 460 2721 522 in
2767 457 3165 539 rupestribus
3279 515 3283 520 .

564 562 885 626 umbrosis
927 563 1334 645 promontorii
1369 563 1693 625 Caucasici
1740 582 1937 646 prope
1980 562 2300 626 acidulam
2333 564 2640 624 Nartzana
2681 562 2847 623 altit.
2884 560 3077 626 3000'
3105 572 3163 625 et

564 668 629 729 in
663 665 965 749 lapidosis
996 661 1077 727 ad
1111 666 1475 727 Torrentem
1500 666 1700 729 Terek
1736 684 1932 748 prope
1963 664 2120 730 Kobi
2154 665 2267 728 alt.
2308 663 2497 728 6000'
2529 684 2676 727 cum
2711 666 3000 747 Cystopt.
3035 663 3162 727 fra-

568 772 701 853 gili.
773 771 1020 850 (Meyer.
1086 764 1270 845 Hoffi.
1338 768 1691 852 Ruprecht).

740 872 1098 954 Specimina
1132 869 1408 933 maxima
1438 869 1859 952 ultrapedalia
1889 870 1956 933 in
1987 871 2166 935 herb.
2204 871 2285 934 cl.
2321 871 2731 934 Ku‘hleweinii
2755 869 2914 933 vidi.

740 978 807 1038 ln
840 974 1071 1056 petiole
1117 971 1401 1037 fasciculi
1444 970 1572 1035 duo
1602 975 1819 1038 ovales
1850 976 2158 1057 contigui;
2211 975 2430 1056 paleae
2473 973 2542 1036 in
2580 974 2762 1055 apice
2809 974 3165 1037 rhizomatis

569 1088 966 1163 aggregatae,
1006 1076 1181 1138 rufae
1202 1124 1218 1156 ,
1256 1075 1382 1137 late
1413 1076 1835 1156 lanceolatae,
1874 1077 2058 1159 longe
2087 1079 2522 1158 acuminatae,
2559 1085 2693 1140 tota
2723 1078 2958 1160 pagina
2989 1079 3161 1159 glan-

568 1184 738 1250 dulis
769 1178 1168 1263 cylindricis,
1217 1179 1499 1261 margine
1526 1178 1846 1261 glandulis
1877 1182 2037 1244 raris
2068 1189 2134 1243 et
2163 1181 2429 1263 flagellis
2459 1181 2846 1263 longissimis
2882 1182 3161 1260 vestitae,

569 1286 835 1349 cellulae
864 1283 1218 1363 elongatae,
1259 1281 1636 1364 polygonae,
1672 1302 1799 1345 non
1831 1283 2248 1360 incrassatae;
2305 1282 2640 1365 glandulae
2670 1285 2945 1346 laminae
2975 1294 3044 1346 et
3070 1285 3169 1345 in-

569 1386 739 1452 dusii
784 1384 1198 1468 cylindricae,
1248 1384 1723 1461 unicellulares;
1771 1385 1886 1466 pili
1927 1386 2128 1467 longi,
2176 1387 2543 1465 acuminati,
2584 1387 2752 1449 3-7
2799 1387 3184 1460 cellulares;.

571 1508 910 1555 nervorum
955 1489 1166 1570 apices
1211 1487 1317 1550 vix
1362 1488 1731 1569 incrassati,
1788 1490 1972 1569 longe
2018 1486 2177 1551 infra
2213 1490 2555 1570 niarginem
2588 1489 2967 1554 laciniamm
2998 1487 3168 1552 desi-

572 1602 838 1671 nentes;
874 1592 1000 1655 sori
1033 1590 1291 1672 paulum
1325 1590 1487 1653 infra
1519 1591 1763 1671 apicem
1796 1609 2160 1674 nervorum,
2197 1594 2263 1654 in
2289 1590 2479 1654 dorso
2514 1594 2900 1673 receptaculi
2933 1590 3168 1655 dilatati

574 1695 904 1771 sedentes,
956 1714 991 1757 e
1024 1694 1247 1776 paucis
1288 1693 1638 1775 sporangiis
1669 1696 2031 1776 compositi;
2082 1696 2363 1760 annulus
2393 1714 2429 1757 e
2460 1697 2540 1758 20
2574 1696 2824 1758 cellulis
2856 1698 3171 1779 composi-
3241 1692 3248 1701 ’

572 1811 715 1879 tus;
764 1816 989 1880 sporae
1019 1795 1440 1877 subglobosae
1469 1799 1622 1860 stria
1654 1797 1933 1860 solitaria
1966 1806 2220 1860 notatae
2239 1846 2255 1879 ,
2304 1798 2541 1878 flavae,
2580 1797 2864 1866 breviter
2894 1800 3172 1863 muricu-

575 1904 770 1975 latae3
809 1899 1129 1964 indusium
1165 1901 1532 1980 maximum,
1575 1896 1676 1963 4”’
1700 1899 1832 1962 fere
1862 1899 2086 1977 latum,
2123 1901 2437 1980 inflatum,
2476 1902 2709 1981 rufum,
2747 1902 3165 1985 sphaericum,

572 2004 1345 2080 tenuimembranaceum,
1413 2022 1449 2065 e
1491 2001 1737 2067 cellulis
1782 2002 2011 2084 amplis
2052 2003 2356 2067 flexuosis
2400 2004 2773 2086 formatum,
2834 2025 2946 2069 ore
2987 2024 3173 2087 parvo

573 2110 833 2191 paulum
876 2106 1192 2179 lacerum,
1242 2125 1361 2169 nec
1405 2105 1785 2188 profundius
1828 2107 2164 2188 partitum,
2226 2116 2355 2172 tota
2403 2110 2630 2191 pagina
2676 2118 2868 2173 extus
2913 2110 3017 2173 bic
3049 2110 3176 2176 ‚illio

577 2211 893 2294 glandulis
923 2209 1282 2292 cylindricis
1312 2209 1831 2273 unicellularibus
1863 2212 2189 2273 vestitum.

753 2313 1050 2389 Quamvis
1084 2312 1504 2396 Cystopteridi
1536 2312 1744 2394 fragili
1773 2313 2031 2395 similis,
2080 2322 2293 2378 tamen
2325 2316 2529 2397 primo
2564 2317 2706 2379 visu
2735 2317 2970 2378 lamina
3001 2312 3179 2378 basin

583 2435 809 2480 versus
841 2416 1077 2478 sensim
1112 2416 1505 2478 decrescenti
1536 2413 2010 2498 distinguenda.

634 2561 643 2566 -
753 2517 1134 2583 incertitudo
1165 2518 1498 2603 quaedam,
1537 2539 1700 2601 quae
1731 2518 1901 2603 apud
1934 2520 2272 2585 nonnullos
2297 2529 2555 2584 autores
2580 2520 2660 2584 de
2683 2522 2802 2583 hac
2827 2519 3042 2602 planta
3077 2521 3178 2580 in-

590 2627 872 2707 venitur,
932 2623 1082 2688 inde
1126 2634 1259 2687 orta
1306 2633 1436 2701 est,
1499 2621 1667 2705 quod
1717 2624 1784 2686 G.
1835 2620 1911 2687 A.
1959 2626 2165 2707 Meyer
2207 2622 2369 2688 duas
2422 2625 2670 2705 plantas
2716 2623 3178 2688 diversissimas

582 2728 801 2794 eodem
846 2730 1098 2792 nomine
1154 2726 1444 2809 specifico
1491 2725 1783 2790 donavit:
1845 2726 2349 2812 Cystopteridem
2406 2720 2815 2810 (Cystopteris
2861 2729 3178 2790 caucasica

588 2837 655 2898 G.
691 2833 765 2897 A.
803 2835 1022 2916 Meyer.
1085 2832 1240 2893 Unio
1280 2832 1492 2895 itiner.
1547 2833 1571 2892 4
1588 2835 1735 2894 839.
1781 2835 1853 2894 R.
1906 2834 1976 2894 F.
2029 2830 2435 2914 Hohenacker)
2489 2840 2554 2892 et
2597 2829 3177 2913 Hymenocystidem

592 2936 1088 3019 (Hymenocystis
1120 2936 1444 2998 caucasica
1483 2934 1552 2997 0.
1589 2933 1662 2998 A.
1700 2935 1965 3020 Meyer),
2025 2952 2189 3017 quae
2233 2934 2486 3014 plantae
2527 2917 2752 2997 ambae
2782 2932 3002 2996 eodem
3048 2935 3178 2995 loco

586 3045 884 3100 crescunt
906 3046 969 3097 et
993 3035 1212 3099 eodem
1237 3037 1372 3100 loco
1397 3040 1693 3101 collectae
1720 3048 1893 3101 sunt.
1931 3041 2256 3102 Praeterea
2279 3036 2361 3099 cl.
2390 3039 2601 3098 Kunze
2625 3038 2687 3098 in
2707 3036 3032 3100 Analectis
3052 3038 3179 3099 suis

588 3137 935 3221 Pteridogr.
974 3138 1052 3202 de
1080 3142 1602 3224 Hymenocystide
1626 3142 1777 3203 dicit
1805 3162 1946 3224 pag.
1988 3143 2099 3206 42:
2140 3139 2651 3221 „Cystopteridi,
2690 3142 2785 3203 uti
2816 3140 3064 3203 Fischer
3084 3159 3178 3202 me

587 3244 789 3306 literis
822 3242 1093 3321 edocuit,
1134 3245 1338 3321 serius
1366 3247 1574 3329 Meyer
1596 3245 1880 3327 plantam
1914 3264 2094 3307 suam
2126 3242 2547 3306 adnumerare
2586 3262 2942 3323 propensus
2978 3243 3175 3306 fuit.“

762 3349 871 3409 Hic
901 3366 1077 3408 error
1109 3348 1257 3408 mihi
1297 3368 1443 3411 esse
1474 3347 1759 3425 videtur;
1812 3348 2256 3411 verosimiliter
2297 3346 2377 3409 cl.
2413 3346 2659 3410 Fischer
2690 3365 2942 3429 quoque
2973 3347 3181 3410 nesci-

593 3451 720 3529 vit,
781 3448 1285 3529 Cystopteridem
1341 3453 1730 3515 caucasicam
1784 3452 2017 3533 Meyer-i
2058 3451 2145 3512 nil
2191 3450 2314 3514 nisi
2359 3449 2863 3531 Cystopteridem
2909 3451 3178 3530 fragilem

591 3571 752 3615 esse.
820 3551 939 3625 Qui
984 3554 1150 3613 enim
1186 3554 1378 3615 semel
1416 3552 1999 3637 Hymenocystidem
2036 3552 2229 3635 vidit,
2280 3571 2606 3634 nunquam
2638 3571 2776 3615 eam
2808 3572 2923 3633 pro
2959 3554 3181 3635 Cysto-

591 3654 836 3737 pteride
870 3654 1151 3718 habebit.
1216 3658 1281 3719 ln
1316 3658 1597 3719 'eundem
1643 3677 1918 3720 errorem
1953 3656 2180 3720 incidit
2225 3657 2303 3718 cl.
2351 3657 2497 3735 Fee‚
2551 3658 2670 3738 qui.
2705 3658 2767 3719 in
2803 3657 3033 3720 Gener.
3070 3657 3177 3719 Fil.

591 3779 656 3840 p.
708 3761 829 3821 299
874 3758 953 3820 ad
987 3760 1267 3841 Cystopt.
1317 3763 1705 3823 caucasicam
1756 3778 2174 3843 synonymum
2225 3761 2759 3840 „Hymenocystis
2806 3761 3180 3822 caucasiea‘⁴

593 3862 811 3936 affert;
851 3881 1068 3924 revera
1100 3865 1268 3925 enim
1302 3864 1381 3927 cl.
1421 3866 1531 3927 Fee
1563 3861 2155 3946 Hymenocystidem
2185 3863 2575 3925 caucasicam
2610 3881 2736 3925 non
2769 3862 3042 3942 viderat,
3077 3861 3184 3925 sed

594 3969 791 4032 solum
827 3963 1325 4050 Cystopteridem
1373 3969 1760 4042 caucasicam
1794 3968 1837 4027 i.
1874 3987 1931 4028 e.
1970 3967 2038 4030 C.
2077 3966 2356 4045 fragilem
2404 3967 2469 4027 in
2502 3966 2795 4029 herbario
2825 3986 2946 4030 suo
2976 3985 3187 4029 asser-

595 4079 727 4133 vat.
786 4072 970 4132 Errat
999 4072 1186 4149 igitur
1217 4072 1296 4131 cl.
1335 4072 1554 4151 Moore,
1594 4072 1702 4153 qui
1734 4072 1799 4133 in
1824 4068 2032 4132 indice
2063 4088 2178 4133 suo
2203 4070 2460 4131 Filicum
2486 4089 2554 4149 p.
2590 4068 2715 4133 279
2743 4068 2918 4150 dicit,
2955 4073 3184 4153 Cysta-

594 4172 905 4256 pteridem
938 4173 1325 4235 caucasicam
1356 4175 1470 4237 Fee
1499 4173 1767 4237 eandem
1799 4176 2077 4255 plantam
2111 4191 2283 4252 esse,
2337 4193 2412 4236 ac
2440 4171 2802 4236 Weodsiam
2833 4173 3138 4253 fragilem.

768 4277 1161 4358 Cystopteris
1207 4278 1526 4338 caucasica
1592 4278 1659 4340 G.
1709 4274 1782 4342 A.
1837 4280 2041 4361 Meyer
2095 4275 2264 4339 edita
2323 4285 2421 4339 est
2479 4277 2547 4338 in
2597 4277 2749 4339 Unio
2809 4279 2881 4341 it.
2936 4280 3095 4340 4839
3151 4294 3186 4336 a

549 4431 552 4434 Α
592 4383 665 4446 Β.
700 4382 770 4443 F.
811 4378 1236 4459 Hohenaclcer,
1289 4381 1548 4443 collecta
1581 4383 1662 4445 ab
1695 4390 1914 4444 autore
1955 4382 2096 4463 ipso
2139 4381 2205 4444 in
2238 4380 2542 4445 Caucaso.
2607 4380 2798 4444 Multa
2847 4379 3185 4461 specimina

592 4485 911 4566 originalia
946 4483 1099 4558 vidi,
1137 4487 1343 4547 omnia
1375 4486 1550 4547 nullo
1584 4484 1766 4548 modo
1791 4504 1825 4547 a
1854 4481 2294 4568 Cystopteride
2325 4483 2526 4566 fragili
2561 4483 2809 4548 diversa
2839 4492 3014 4545 sunt.

763 4591 826 4651 5.
905 4588 1005 4651 W.
1060 4588 1564 4654 Manchuriensis
1614 4587 1852 4652 Hooker
1901 4586 1957 4651 A
2008 4584 2314 4652 second
2390 4588 2749 4669 Century
2823 4586 2901 4649 of
2955 4588 3184 4650 Ferus

608 4690 815 4776 (4864)
855 4692 1006 4754 Tab.
1046 4693 1151 4753 98.

767 4794 1056 4861 Rhizoma
1104 4794 1297 4857 breve
1340 4796 1665 4881 obliquum
1708 4796 1907 4879 paleis
1938 4796 2287 4879 aggregatis
2321 4793 2727 4862 rufo-fuscis
2775 4793 2953 4878 apice
2988 4790 3188 4857 vesti-
