3450 5367
612 295 742 360 212
894 337 901 342 -
1692 299 2130 382 Bquisetseepe.

614 465 833 548 adest,
885 486 966 531 ex
1009 486 1133 549 qun
1180 467 1407 548 vegius
1451 463 1585 529 non'
1620 483 1740 547 pro
1781 467 2088 540 vertieillo
2131 466 2421 531 loliorum
2455 476 2869 531 nonnatorum
2913 466 3222 531 sumenda

614 572 722 636 sit.
786 571 1159 652 Ubicunque
1189 570 1517 653 spor-angis
1562 570 1628 631 in
1676 570 1956 651 vaginis,
2009 588 2173 652 quoe
2201 569 2510 634 dicuntur
2537 578 2933 634 monstrosae
2953 618 2971 649 ‚
3023 569 3129 631 vel
3160 571 3220 630 in

614 673 870 738 annulis
913 675 982 736 in
1022 673 1163 737 basi
1206 673 1424 754 apione
1463 670 1840 736 sedentibus
1880 673 2335 755 observantur,
2394 674 2552 737 haee
2591 691 2844 756 semper
2885 675 2950 735 in
2997 672 3220 754 pagina

614 777 943 856 interiore,
997 795 1164 860 quae
1207 793 1423 838 revers
1469 776 1760 856 superior
1801 782 1933 855 est,
1984 773 2235 839 sedent.
2302 775 2633 853 Videmus,
2684 779 2951 858 vaginas
2992 776 3227 854 hujus-

614 881 781 946 modi
826 879 1396 963 sponngiophoras
1439 898 1634 961 saepe
1673 880 1739 941 in
1779 879 1987 942 foliola
2029 882 2275 963 singule
2320 880 2522 945 dividi
2551 891 2617 945 et
2658 885 2960 965 vaginam·
2985 885 3220 968 sensim

615 987 680 1047 in
714 984 1091 1048 verticillum
1124 982 1413 1045 foliorum
1447 981 1774 1060 fertilium,
1812 983 2149 1063 peltarum,
2188 988 2623 1049 transmutari.
2688 988 3071 1050 Innumerae
3103 1005 3222 1050 va-

614 1089 801 1171 ginae
839 1087 1235 1150 examinatae
1274 1104 1378 1148 me
1417 1085 1807 1163 docuerunt,
1866 1103 2091 1149 revers
2137 1088 2445 1153 ven-ticina
2489 1089 2802 1171 peltarum
2847 1089 3007 1152 nihil
3050 1088 3221 1152 aliud

614 1209 759 1256 esse
787 1209 863 1254 so
890 1191 1151 1272 vaginas
1181 1188 1432 1252 steriles
1462 1196 1941 1269 transmutatas,
1979 1197 2045 1252 at
2074 1208 2391 1273 nusquam
2416 1192 2572 1272 vidi,
2609 1192 2725 1255 has
2748 1193 2960 1274 peltas
2986 1192 3222 1257 fertiles

616 1312 653 1357 e
684 1293 879 1356 remis
910 1293 1173 1358 mutatis
1203 1301 1379 1358 ortas
1407 1310 1573 1355 esse.

1683 1481 1780 1544 De
1809 1482 2137 1568 oohreolo.

747 1617 1054 1684 Ochi-eolo
1079 1616 1301 1696 libers,
1330 1635 1495 1700 quae
1517 1616 1703 1681 basin
1730 1637 2046 1682 remorum
2064 1621 2507 1702 Equisetorum
2534 1620 2813 1683 omnium
2840 1620 3213 1701 circumdat,

618 1724 837 1788 multis
868 1723 1034 1785 notis
1062 1739 1098 1783 a
1142 1719 1403 1802 reliquis
1434 1723 1681 1804 vaginis
1724 1741 2044 1786 ramorum
2085 1722 2332 1805 differt,
2383 1724 2659 1805 primum
2707 1724 2945 1805 colore,
2993 1723 3218 1788 deinde

617 1826 922 1890 dentibus
954 1826 1329 1908 plerumque
1356 1826 1568 1889 minus
1600 1828 1991 1906 numerosis,
2041 1845 2232 1909 quem
2264 1828 2330 1889 in
2362 1827 2606 1908 vaginis
2638 1847 2958 1890 remorum
2991 1828 3219 1891 obser-

618 1939 884 2010 vantur,
921 1937 986 1993 et
1014 1931 1245 1993 natura
1274 1929 1655 2007 eunomio&
1701 1930 1972 2012 angulus
2004 1932 2170 1993 enim
2204 1931 2434 1993 unicus
2463 1937 2762 1995 externus
2790 1933 3217 2014 parenehyma

619 2030 824 2096 viride
845 2079 862 2111 ,
913 2040 1181 2096 stomata
1210 2039 1277 2095 et
1307 2030 1673 2095 fasciculum
1704 2033 2103 2096 veseularem
2135 2034 2410 2112 eontine,
2448 2030 2600 2096 dum
2634 2034 2863 2117 reliqui
2896 2036 3218 2098 ochreolae

616 2136 835 2218 anguli
866 2135 1355 2218 parenehymate
1382 2132 1594 2215 viridi,
1631 2135 2013 2199 stomatibus
2042 2146 2108 2201 et
2137 2136 2453 2200 fasciculis
2483 2147 2725 2200 esrent.

1451 2339 1546 2404 no
1578 2342 2008 2407 eolloestione
2036 2362 2379 2410 remorum.

789 2487 880 2549 De
908 2482 1013 2546 illa
1045 2480 1413 2565 quaestione
1442 2478 1715 2543 multum
1747 2483 2054 2565 seriptum
2086 2492 2206 2562 est,
2244 2502 2398 2546 num
2423 2484 2774 2547 verticillos
2805 2502 3123 2547 ramorum
3159 2502 3225 2545 re

619 2607 767 2652 vero
812 2586 894 2652 nd
924 2608 1063 2651 eom
1098 2579 1387 2668 v’eginam
1420 2584 1769 2665 pertineat,
1807 2585 1931 2648 sub
1961 2604 2088 2668 que
2119 2587 2368 2667 positus
2400 2595 2522 2650 est.
2585 2588 2871 2650 Examen
2900 2588 3224 2649 anatomi-

619 2711 763 2755 eum
796 2711 910 2756 nos
941 2688 1149 2770 docet,
1186 2709 1318 2752 rem
1352 2708 1569 2753 revers
1603 2690 1691 2752 ita
1722 2706 1886 2750 esse.
1952 2689 2186 2769 vagina
2220 2696 2313 2751 tot
2345 2686 2569 2752 dentes
2599 2689 2830 2772 habet,
2870 2699 3028 2773 quot
3054 2692 3230 2753 eari-

618 2814 735 2857 nas
778 2792 1205 2858 internodium
1246 2792 1404 2857 illud
1435 2789 1752 2876 possidet,
1802 2792 1868 2852 in
1900 2788 2082 2869 eujus
2111 2793 2293 2873 epioe
2325 2794 2550 2874 vagina
2584 2792 2802 2874 sedet,
2849 2802 2941 2855 tot
2971 2811 3229 2874 quoque

619 2898 883 2960 lacunae
929 2898 1241 2960 earinoles
1271 2905 1336 2959 et
1369 2896 1817 2975 valleeulares,
1873 2901 1999 2974 tot,
2046 2913 2172 2956 non
2204 2896 2562 2978 complures
2593 2899 2754 2959 remi
2786 2894 3044 2958 adsunt.
3111 2895 3233 2957 Est

619 3001 812 3083 igitur
853 2998 1254 3063 menifestum
1297 2998 1380 3064 ad
1421 2996 1720 3084 quodque
1761 2995 2190 3059 internodium
2237 2999 2558 3079 pertinere
2600 3000 2889 3082 vaginam
2933 2999 3002 3060 in
3043 2999 3231 3079 epioe

620 3121 868 3165 summo
914 3102 1259 3166 internodii
1293 3102 1624 3166 sedentem
1665 3119 2002 3182 ramosque
2048 3100 2166 3162 hoo
2194 3099 2330 3163 loeo
2362 3104 2637 3183 positos;
2689 3102 2842 3165 dum
2874 3103 3233 3164 verticillus

619 3224 937 3269 ramorum
982 3207 1046 3268 in
1093 3189 1308 3269 infima
1354 3215 1537 3290 parte
1581 3202 1923 3267 internodii
1965 3199 2198 3267 sedens
2237 3204 2322 3268 od
2364 3204 2795 3268 internodium
2837 3223 3119 3287 sequens
3165 3223 3266 3266 re.

624 3328 772 3372 vera
799 3310 1102 3391 pertinet.

793 3427 863 3488 Si
892 3428 1087 3509 igitur
1117 3429 1465 3493 verticillus
1497 3449 1818 3495 ramorum
1849 3448 2128 3512 sequens
2156 3448 2192 3490 e
2225 3430 2421 3492 remis
2465 3428 3009 3494 numerosioribus
3038 3448 3236 3494 eom-

620 3530 870 3611 positus
899 3537 1029 3607 est,
1076 3529 1298 3593 eadem
1346 3534 1590 3597 ratione
1633 3553 1889 3618 quoque
1920 3533 2148 3610 dentes
2177 3535 2316 3613 ejus
2347 3533 2615 3614 vaginae
2657 3542 2879 3596 auctos
2907 3535 3230 3614 invenies,

617 3634 745 3697 sub
774 3652 901 3716 qua
931 3633 1036 3696 hie
1065 3634 1414 3698 vertieissus
1445 3640 1692 3717 positus
1723 3648 1845 3700 est.

793 3755 889 3817 cl.
911 3755 1082 3817 Doell
1098 3764 1315 3817 eontra
1340 3766 1523 3837 putat
1554 3756 1824 3838 (Gefflsss
1851 3758 2149 3838 Cryptog.
2178 3756 2438 3818 Grossh.
2469 3754 2741 3821 BadenS.
2767 3751 2959 3819 s855.
2985 3775 3056 3837 p.
3094 3757 3237 3839 55),

622 3858 914 3937 vaginem
959 3856 1315 3921 internodio
1361 3862 1478 3922 toti
1521 3870 1822 3924 sanatam
1866 3879 2008 3922 esse
2027 3907 2044 3941 ,
2095 3860 2160 3921 in
2203 3860 2385 3938 eujus
2425 3861 2606 3939 apice
2645 3878 2721 3921 ea
2752 3859 3125 3938 invenitur-3
3178 3858 3244 3921 id

622 3957 795 4040 quod
827 3960 957 4036 jam
1001 3963 1297 4024 examine
1334 3964 1602 4043 vaginae
1646 3962 1989 4042 refutatur,
2037 3981 2203 4044 quae
2243 3971 2541 4024 naturam
2568 3964 2928 4044 propriam,
2976 3982 3011 4025 a
3049 3964 3250 4027 caule

622 4078 815 4140 saepe
843 4059 1340 4127 diversissimam
1372 4065 1588 4129 hebet.
1623 4101 1713 4113 —

798 4166 892 4230 cl.
930 4166 1170 4229 smel
1202 4166 1392 4250 (Novo
1424 4169 1578 4232 Aeta
1611 4169 1748 4234 Vol.
1784 4169 2023 4231 XXVII.
2060 4187 2123 4250 p.
2166 4169 2269 4230 45.
2314 4166 2367 4250 [Ι
2382 4168 2560 4251 86η)
2592 4178 2801 4250 putot,
2837 4170 3251 4235 vei-ticinum

623 4288 944 4353 quemque
973 4287 1290 4331 ramorum
1320 4270 1405 4334 nd
1436 4275 1725 4355 vaginam
1757 4269 2104 4335 secundnm
2135 4273 2527 4352 superiorem
2557 4257 2907 4353 pUrtinere3
2957 4272 3042 4336 id·
3067 4276 3255 4360 quod

622 4383 957 4455 propterea
995 4374 1125 4452 iam
1170 4373 1307 4434 fieri
1338 4392 1464 4437 non
1496 4383 1743 4457 potest,
1791 4393 1990 4454 quum
2021 4373 2107 4437 ed
2135 4375 2468 4455 vaginam,
2517 4376 2793 4457 exempli
2834 4378 3042 4457 gretia
3079 4399 3258 4443 sex-

622 4476 972 4553 dentatem‚
1009 4494 1136 4537 non
1166 4478 1325 4538 remi
1356 4479 1565 4541 oetoni
1594 4473 1918 4559 pertinere
1946 4486 2220 4562 possunt
2247 4486 2374 4540 ete.
2406 4511 2498 4524 —-

795 4567 892 4643 Gi.
946 4573 1314 4662 Gela-kovkky
1363 4578 1599 4662 (Lotos,
1651 4579 1842 4643 1862.
1888 4600 1954 4662 p.
2003 4579 2178 4662 223.)
2232 4589 2450 4662 putat,
2501 4581 2874 4646 vertieillum
2909 4599 3262 4669 quemque

624 4700 942 4743 ramorum
973 4680 1057 4743 sd
1086 4683 1377 4764 vaginam
1407 4684 1760 4765 proximem
1793 4683 2152 4747 inferiorem
2183 4685 2528 4765 pertinere.
2584 4682 2658 4746 Id
2686 4684 2856 4767 quod
2885 4704 2966 4747 ex
3001 4689 3260 4753 eaden

622 4800 815 4845 eausa
845 4784 983 4844 fieri
1010 4801 1140 4845 non
1170 4794 1417 4865 potest,
1454 4803 1654 4867 quare
1682 4786 1926 4849 theoria
1954 4787 2247 4851 Stenaelii
2265 4789 2397 4867 jam
2431 4787 2765 4851 refutando
2797 4787 2939 4850 fuit.
