3450 5367
618 299 702 361 42
1710 301 2118 376 Polypodieae.
2235 271 2250 286 “

616 472 702 533 ita
736 478 808 531 ut
838 478 1236 551 segmentum
1267 468 1634 550 primarium
1667 468 1954 550 infimum
1987 487 2024 529 e
2054 469 2396 550 segmentis
2426 472 2460 531 4
2486 468 2751 550 singulis
2785 465 3014 551 (tribus
3039 467 3214 530 late-

619 573 860 635 ralibus
889 580 954 634 et
984 592 1112 635 uno
1143 570 1476 653 terminali)
1517 572 1932 652 compositum
1964 580 2290 654 appareat.
2401 573 2468 634 ln
2508 569 2964 653 speciminibus
2994 570 3214 651 persi-

616 678 709 737 cis
751 685 1145 756 segmentum
1188 674 1634 739 secundarium
1677 674 1817 737 basi
1864 673 2156 738 inferiore
2193 676 2381 737 etiam
2426 683 2746 757 segmento
2783 674 3068 738 tertiario
3100 674 3212 734 in-

618 788 931 842 structum
979 780 1224 859 inveni,
1290 788 1363 842 ut
1405 784 1799 860 segmentum
1843 779 1889 838 1.
1928 779 2003 840 Ο.
2054 778 2341 840 infimum
2391 797 2425 840 e
2472 780 2510 839 ὅ
2556 778 2900 858 segmentis
2946 777 3215 858 singulis

556 869 566 878 ’
619 890 1122 964 componeretur.

790 987 1198 1066 segmentum
1238 986 1610 1067 primarium
1658 984 1944 1047 infimum
1990 984 2361 1066 bipartitum
2408 1003 2550 1048 esse
2598 985 2786 1063 solet,
2839 985 3044 1046 rarius
3086 980 3215 1044 duo

620 1090 793 1171 paria
825 1079 1185 1152 infimorum
1217 1098 1681 1171 segmentorum
1715 1090 2153 1151 inveniuntur.

790 1195 1148 1274 Specimina
1181 1194 1503 1274 nilagirica
1537 1212 1572 1254 e
1601 1194 1948 1274 segmentis
1983 1197 2020 1257 ὅ
2060 1192 2226 1275 jugis
2261 1193 2305 1254 l.
2345 1191 2422 1255 Ο.
2459 1193 2803 1275 composita
2835 1190 2991 1272 vidi,
3044 1209 3218 1272 quo-

621 1315 758 1358 rum
808 1299 842 1358 4
877 1297 1029 1379 juga
1072 1305 1540 1379 segmentorum
1582 1296 1951 1358 inferiorum
1994 1306 2319 1376 segmento
2365 1296 2744 1359 secundario
2789 1295 3069 1357 solitario
3104 1295 3217 1354 in-

618 1408 864 1461 structa
896 1408 1099 1464 erant.
1182 1400 1538 1480 Specimina
1587 1398 1772 1461 Asiae
1817 1400 2078 1461 minoris
2126 1399 2352 1461 subtus
2396 1400 2462 1461 in
2503 1400 2731 1461 lamina
2778 1398 2940 1480 pilos
2985 1396 3218 1459 breves

620 1500 998 1582 cylindricos
1030 1501 1583 1565 bi-tricellulares
1617 1501 1966 1564 habebant.

793 1608 1032 1687 Sporee
1061 1606 1299 1683 fuscae,
1328 1607 1565 1682 laeves;
1601 1607 1665 1667 in
1688 1605 1919 1687 petiolo
1944 1605 2222 1669 fasciculi
2256 1605 2382 1669 duo
2414 1608 2738 1689 oblongi'l.
2772 1606 3215 1669 semilunares.

793 1709 858 1773 4.
907 1711 980 1772 ι».
1017 1711 1435 1789 mancupi-
1469 1708 1669 1772 mma.
2877 1691 2883 1697 ’

791 1814 943 1892 Syn.
1006 1813 1361 1894 Onychium
1394 1803 1807 1892 melanolepis
1838 1814 2050 1875 Kunze
2073 1814 2333 1875 Farnkr.
2364 1812 2553 1875 color.
2578 1811 2833 1876 Abbild.
2887 1812 3112 1892 Suppl.
3144 1812 3213 1872 ΙΙ.

619 1937 681 1997 p.
706 1920 767 1978 9.
818 1916 863 1996 (4
882 1913 1054 1998 848.)
1097 1950 1175 1962 —-
1214 1914 1451 1979 Hooker
1481 1916 1593 1996 Sp.
1627 1916 1738 1978 Fil.
1780 1916 1847 1976 ΙΙ.
1895 1914 1943 1997 (4
1961 1914 2132 1998 858.)
2176 1936 2241 1996 p.
2274 1916 2417 1980 ⁴24.
2454 1951 2541 1965 --
2575 1916 2897 1980 Allosorus
2927 1916 3220 1977 melano-

620 2022 783 2101 lepis
814 2021 1120 2097 ‚Decumo
1162 2019 1359 2099 plant.
1408 2018 1488 2081 de
1520 2019 1769 2082 l‘Arabe
1811 2019 1991 2079 heur.
2054 2017 2310 2081 Archiv.
2357 2017 2445 2082 du
2487 2039 2653 2082 mus.
2706 2023 2780 2083 ΙΙ.
2830 2041 2894 2101 p.
2937 2020 3083 2081 489.
3134 2052 3222 2064 —-

622 2117 1107 2205 Kirschlcycr'in
1138 2122 1312 2184 Flora
1348 2123 1536 2183 4846.
1572 2124 1617 2183 1.
1654 2141 1719 2202 p.
1744 2123 1887 2183 303.
1932 2155 2011 2166 -
2064 2120 2139 2184 Α.
2178 2121 2551 2204 cuspidatus
2583 2124 2826 2212 Hochst.
2862 2123 3130 2186 laubert
3159 2129 3221 2182 et

622 2225 824 2306 Spach
870 2224 1098 2286 illustr.
1151 2225 1349 2306 plant.
1400 2225 1624 2288 orient.
1674 2223 1828 2286 fasc.
1866 2224 1971 2285 24.
2025 2225 2121 2288 111.
2172 2245 2236 2306 p.
2279 2227 2337 2286 4.
2388 2234 2436 2289 t.
2474 2217 2620 2290 201'.
2667 2263 2757 2276 —-
2816 2225 3221 2292 Cheilanthes

623 2327 1009 2409 leptophylla
1037 2329 1104 2389 R.
1146 2328 1256 2388 Br.
1295 2328 1358 2388 in
1390 2327 1581 2390 Salt’s
1612 2326 1954 2410 Abyssinia
1984 2325 2146 2411 App.
2184 2330 2279 2391 IV.
2332 2348 2396 2410 p.
2434 2332 2607 2394 LXV

796 2430 1088 2492 Rhizoma
1121 2430 1479 2512 elongatum
1513 2450 1745 2513 repens
1788 2430 1985 2493 dense
2016 2431 2214 2513 paleis
2246 2434 2570 2514 oppressis
2603 2433 2822 2516 rigidis
2855 2432 3219 2495 lanceolatis

624 2534 824 2614 nigris
855 2533 1436 2614 flavo-marginatis
1469 2537 1805 2612 vestitum;
1856 2533 2009 2617 folia
2036 2532 2098 2620 ξ’
2132 2535 2258 2597 alta
2290 2545 2354 2596 et
2385 2536 2714 2599 humiliora
2757 2538 2969 2599 tenuia
3004 2534 3222 2616 glabra

623 2638 792 2721 lonqc
810 2638 1110 2721 petiolata
1130 2637 1411 2719 pallida,·
1455 2640 1714 2722 petiolas
1752 2638 1985 2702 lamina
2016 2637 2255 2719 longior
2296 2639 2337 2701 l.
2376 2639 2636 2721 paulum
2668 2639 2926 2703 brevior
2955 2638 3222 2702 strami-

620 2760 781 2805 neus
814 2741 1043 2804 debilis
1076 2741 1138 2803 in
1166 2749 1373 2804 ventre
1416 2750 1475 2806 et
1518 2742 1603 2806 ad
1648 2743 1849 2805 latera
1876 2740 2169 2821 sulcatus,
2221 2741 2453 2807 lamina
2482 2746 2717 2808 tenui-
2737 2742 3221 2806 membranacea

622 2844 936 2926 pellucida
982 2845 1110 2906 late
1152 2853 1355 2924 ovata,
1409 2845 2118 2925 breviter-acuminata,
2180 2845 3221 2930 tripinnatisecta-supradccompo-

619 2948 758 3026 sita,
798 2957 1118 3027 segmenta
1152 2949 1474 3029 primaria,
1512 2947 1910 3028 secundaria,
1950 2948 2232 3011 tertiaria
2260 2949 2573 3012 interdum
2600 2953 2790 3013 etiam
2816 2949 3221 3032 quaternaria

625 3049 945 3132 petiolata,
984 3050 1218 3113 sterilia
1248 3052 1463 3114 ultimo
1495 3051 2007 3135 tri-quinquefida
2039 3052 2079 3114 I.
2119 3053 2332 3132 incisa,
2372 3053 2675 3118 lacinulae
2708 3054 3221 3117 linealiulanceo-

625 3152 784 3215 latae
815 3159 1056 3231 acutae,
1090 3156 1364 3218 ner-vatio
1401 3154 1885 3237 Coenopteridi83
1923 3156 2222 3219 lacinulae
2249 3156 2480 3240 fertiles
2511 3157 3213 3241 oblonqo-acuminatae,

620 3257 896 3319 servatio
931 3257 1365 3339 Gtenopteridis
1394 3258 1640 3322 mdusia
1682 3259 1902 3340 spuria
1944 3259 2154 3322 lateris
2193 3262 2514 3344 utriusque
2554 3260 2635 3324 ad
2667 3261 2973 3375 costulam
3006 3261 3223 3324 conni-

620 3361 821 3423 ventia
853 3358 1089 3441 pallida
1119 3361 1386 3442 dentata,
1425 3364 1551 3424 sori
1573 3363 1760 3466 apice
1790 3371 2053 3443 excepto
2085 3364 2388 3425 continui.

794 3464 1044 3527 Exsicc.
1125 3463 1226 3525 Th.
1265 3465 1516 3549 Kotschy
1562 3467 1648 3528 Pl.
1697 3468 1870 3528 Pers.
1921 3473 2120 3527 austr.
2165 3468 2274 3528 No.
2319 3470 2420 3530 40.
2464 3469 2604 3530 498.
2656 3501 2735 3513 -
2798 3462 3038 3529 Aucker
3079 3468 3226 3548 Eloy

622 3565 708 3646 pl.
748 3568 978 3629 exsicc.
1031 3568 1137 3630 No.
1181 3570 1345 3630 5488
1387 3569 1432 3653 (4
1453 3569 1626 3652 488).
1667 3605 1745 3616 -
1790 3568 2104 3650 Schimper
2134 3570 2220 3631 Pl.
2259 3568 2561 3652 Abyssin.
2612 3572 2723 3634 No.
2766 3572 2955 3633 4672.

792 3672 972 3736 Icon.
1049 3674 1257 3736 Kunze
1288 3674 1331 3735 l.
1367 3694 1420 3736 c.
1461 3674 1614 3737 Tab.
1655 3675 1800 3737 404.
1841 3675 1943 3755 fig.
1969 3674 2033 3737 2.
2072 3707 2150 3719 -
2181 3674 2436 3738 laubert
2465 3683 2528 3736 et
2559 3674 2785 3755 Spach.
2824 3673 2868 3734 l.
2898 3692 2956 3734 c.
2986 3681 3035 3734 t.
3067 3676 3219 3737 204.

791 3776 957 3839 aab.
1036 3775 1289 3854 Arabia,
1328 3780 1566 3840 Yemen
1598 3778 1662 3839 in
1697 3785 1911 3839 monte
1942 3777 2145 3840 Saber
2183 3777 2274 3860 (P.
2311 3780 2384 3840 E.
2420 3780 2600 3842 Bolta
2634 3775 2849 3860 4836).
2894 3813 2970 3823 --
3010 3779 3223 3839 Persia

622 3878 848 3942 merid.
898 3881 964 3941 in
1010 3881 1280 3961 rupibus
1325 3879 1691 3943 Pire-Zend
1735 3881 1902 3943 inter
1945 3882 2202 3944 Schiras
2250 3890 2315 3943 et
2357 3884 2676 3945 Kazeroun
2739 3879 3226 3964 (Auchcr-Eloy

628 3982 845 4066 4838).
886 4017 965 4029 -
1010 3986 1077 4046 In
1124 3985 1445 4066 speluncis
1486 3986 1608 4048 ins.
1647 3986 1853 4047 Karek
1882 3985 1949 4046 in
1981 3985 2136 4048 Sinu
2170 3986 2415 4048 Persico
2461 3994 2525 4049 et
2566 3986 2631 4047 in
2671 3985 2992 4049 umbrosis
3023 4004 3225 4067 prope

627 4085 875 4148 Dalechi
915 4085 1243 4168 (Kotschy).
1288 4122 1362 4133 -—
1409 4087 1747 4169 Abyssinia
1788 4086 2171 4170 (Schimper).

798 4190 860 4249 ln
893 4190 1124 4269 petiole
1155 4189 1496 4254 fasciculus
1527 4191 1827 4253 centralis
1858 4191 2087 4253 obtuse
2133 4199 2533 4272 tetragonus;
2583 4192 2806 4254 raches
2851 4191 3219 4274 depressae,

622 4293 937 4371 sulcatae;
996 4295 1176 4355 nervi
1220 4293 1343 4355 sub
1388 4296 1565 4373 apice
1596 4293 1905 4356 lacinulae
1936 4292 2303 4359 desinentes
2341 4313 2466 4357 non
2511 4296 2873 4371 incrassati3
2932 4296 3225 4358 lacinulis

621 4396 1054 4477 compluribus
1099 4398 1565 4461 confluentibus
1609 4399 1807 4459 oritur
1844 4397 2113 4460 lacinula
2161 4397 2408 4479 fertilis,
2479 4419 2749 4481 quarum
2793 4400 2972 4460 nervi
3017 4400 3225 4461 ultimi

623 4502 659 4560 2
699 4534 777 4544 -
809 4499 890 4562 ad
924 4519 1239 4563 summum
1272 4501 1507 4583 trijugi,
1561 4500 1974 4580 alternanteS‚
2029 4502 2170 4565 laxe
2202 4503 2494 4584 dispositi
2530 4521 2681 4565 arcu
2718 4503 3224 4584 intramarginali

621 4603 789 4666 inter
831 4622 899 4666 se
944 4605 1432 4686 conjunguntur.
1506 4607 1686 4668 Hunc
1717 4624 1934 4669 arcum
1968 4608 2093 4669 sori
2126 4613 2460 4688 occupant,
2519 4604 2770 4667 indusio
2801 4607 3021 4686 spurio
3052 4606 3227 4669 den-

626 4716 756 4768 tato
801 4706 1100 4790 obvelati,
1151 4729 1315 4791 apex
1364 4712 1676 4774 lacinulae
1721 4729 1976 4796 semper
2005 4710 2262 4774 sterilis,
2346 4712 2698 4791 Sporangia
2732 4727 2960 4789 parca,
3001 4728 3227 4793 sperae

624 4810 1320 4897 tetraedro-globosae.
