3450 5367
568 263 606 326 8
1757 263 1980 321 Filices.

742 436 789 483 ⁴.
829 435 986 484 Norv.
1024 433 1437 496 Taenioptericlis.
1504 431 1673 482 Nervi
1714 428 2028 481 secundarii
2065 443 2096 480 e
2135 431 2287 481 costa
2326 428 2431 480 sub
2458 430 2661 493 angulo
2697 429 2809 481 rere
2832 432 2984 481 recto
3006 444 3182 494 egre-2

565 522 792 572 diuntur
816 523 874 570 et
899 518 1140 569 decursu
1165 519 1315 568 recto
1344 518 1641 582 marginem
1668 517 1937 580 segmenti
1963 519 2173 581 petunt,
2204 529 2332 566 cum
2357 517 2541 567 nervis
2560 517 2817 568 tertiat-iis
2843 518 2936 582 qui
2963 529 3166 568 secun·-

567 607 738 658 dariis
763 603 1010 672 paralleli
1038 617 1160 654 esse
1188 604 1408 654 debent.

744 690 991 743 5.‘'Nerv.
1025 691 1456 754 Sphenopteridis.
1510 690 1678 741 Nervi
1704 688 2013 739 secundarii
2041 688 2146 739 sub
2172 688 2368 752 angulo
2397 687 2553 739 valde
2580 690 2742 740 acuto
2769 703 2799 741 e
2826 689 2979 741 costa
3004 702 3165 752 egre-

569 780 810 841 diuntur,
857 780 911 827 et
937 778 1088 828 nervi
1114 778 1346 827 tertiarii
1385 776 1579 827 eodem
1619 775 1783 826 modo
1824 789 1855 826 e
1894 776 2233 826 secundariis
2273 775 2614 838 egredientes
2652 788 2779 826 cum
2807 775 2895 828 his
2922 775 3163 828 decursu

569 869 720 917 recto
743 865 1041 926 marginem
1067 866 1282 928 petunt.
1935 911 1945 920 ,

743 957 791 1002 ⁶.
829 952 988 1003 Nerv.
1019 949 1332 1014 Eupteridss.
1398 951 1565 1002 Nervi
1606 948 1916 1001 secundarii
1953 949 2059 1000 sub
2099 949 2295 1012 angulo
2337 950 2482 1000 inter
2519 948 2721 999 formas
2761 951 2788 999 4
2829 950 2883 1000 et
2924 952 2951 997 5
2991 950 3163 999 inter-

572 1039 750 1091 medio
777 1038 1131 1101 egrediuntur
1156 1039 1210 1087 et
1233 1036 1472 1088 decursu
1497 1040 1648 1087 recto
1676 1037 1979 1099 marginem
2006 1036 2215 1101 petunt.

744 1130 791 1176 7.
832 1127 991 1177 Nero.
1021 1125 1431 1186 Neuropteridis.
1495 1123 1661 1174 Nervi
1690 1122 1999 1173 secundarii
2031 1121 2138 1173 sub
2164 1121 2364 1184 angulo
2401 1120 2558 1171 valde
2586 1122 2749 1171 acuto
2775 1133 2806 1170 e
2832 1122 2983 1171 costa
3009 1134 3165 1185 egre-

569 1214 795 1263 diuntur
819 1214 873 1261 et
898 1225 1088 1261 arcum
1113 1224 1310 1261 versus
1336 1211 1546 1260 costam
1573 1223 1880 1260 convexum
1907 1208 2221 1269 formanteS,
2251 1222 2377 1258 cum
2407 1208 2576 1257 ramis
2602 1207 2838 1272 denique
2864 1206 3163 1259 decursum

569 1297 1004 1363 Taeniopteridis
1035 1298 1100 1360 (⁴)
1133 1297 1519 1364 ingredientes,
1552 1298 1852 1359 marginem
1880 1296 2144 1358 segmenti
2171 1297 2562 1359 assequuntur.

745 1390 794 1435 8.
834 1385 992 1435 Nerv.
1028 1384 1405 1447 Cycloptoridis.
1465 1384 1635 1434 costa
1677 1383 1857 1434 media
1896 1382 2150 1433 distincta
2190 1381 2353 1443 nulla,
2398 1381 2468 1431 ad
2494 1380 2655 1431 basin
2689 1379 2799 1432 folii
2829 1381 2866 1430 Ι.
2898 1383 3162 1445 segmenti

573 1470 822 1533 evanida,
857 1470 999 1521 unde
1026 1472 1183 1521 nervi
1206 1468 1667 1538 'repetito-furcati
1695 1482 1723 1519 e
1752 1467 1869 1519 basi
1897 1469 2008 1519 folii
2037 1470 2069 1519 l.
2104 1468 2370 1538 segmenti
2389 1466 2763 1530 egredientes,

1101 1643 1195 1705 De
1223 1643 1656 1706 architectura.
1683 1642 1962 1704 laminae
1992 1642 2261 1704 Filioum
2293 1643 2623 1704 nonnulla..

743 1777 1186 1843 Architectura
1228 1781 1501 1841 laminae
1544 1780 1779 1841 filicum
1825 1780 2202 1860 plerumque
2249 1782 2336 1842 ita
2384 1778 2642 1841 definita
2674 1785 2793 1858 est,
2846 1786 2918 1840 ut
2963 1781 3165 1840 raris-

573 1888 729 1948 sime
774 1884 1011 1946 formae
1056 1885 1486 1964 inveniantur,
1539 1902 1702 1968 quae
1749 1894 1960 1945 contra
2008 1903 2145 1945 eam
2182 1884 2730 1964 legem-pugnant,
2789 1883 2891 1944 cui
2922 1883 3168 1964 species

574 1989 862 2070 singulae
893 1986 1219 2066 subjectae
1251 1995 1428 2049 sunt.
1507 1987 1770 2048 Lamina
1817 1988 1983 2050 enim
2029 1998 2141 2049 aut
2175 1986 2597 2068 pyr-amidam,
2648 1995 2758 2047 aut
2801 1984 3160 2065 decrescens,

573 2102 684 2154 aut
716 2090 1005 2173 ambiqua
1034 2091 1380 2153 invenitur.

745 2198 814 2256 In
846 2194 1079 2256 lamina
1116 2192 1950 2276 pyramidataxsegmentum
2000 2195 2047 2255 l.
2099 2194 2174 2256 Ο.
2222 2193 2506 2255 infimum
2552 2194 2832 2256 omnium
2866 2194 3170 2276 longissi—

575 2319 747 2361 mum
795 2307 928 2376 est,
993 2298 1059 2357 in
1104 2298 1337 2358 lamina
1380 2295 1744 2359 decrescenti
1789 2306 2114 2378 segmenta
2162 2300 2207 2359 I.
2262 2298 2340 2360 Ο.
2391 2296 2575 2360 basin
2626 2298 2897 2360 laminae
2944 2316 3168 2359 versus

575 2403 810 2468 sensim
858 2400 1153 2464 breviora
1199 2400 1382 2462 fiunt.
1478 2401 1798 2462 Laminam
1846 2400 2193 2483 ambiyuam
2242 2419 2376 2462 earn
2432 2401 2707 2488 appello,
2766 2420 2929 2483 quae
2982 2398 3168 2463 basin

575 2525 798 2568 versus
831 2505 960 2566 fere
993 2503 1351 2583 aeque-lata
1384 2510 1503 2581 est,
1556 2500 1708 2565 dum
1751 2505 2038 2565 infimum
2074 2512 2473 2585 segmentum
2515 2504 2560 2565 l.
2610 2501 2736 2565 duo
2767 2504 2982 2566 infima
3014 2523 3169 2586 seg—

577 2616 783 2671 menta
819 2611 866 2669 Ι.
905 2608 980 2669 O.
1019 2605 1323 2687 proximis
1369 2606 1629 2686 paulum
1664 2608 1904 2669 minora
1939 2608 2245 2685 existunt,
2295 2615 2368 2668 ut
2415 2608 2480 2668 in
2512 2604 2774 2687 Aspidio
2812 2591 3162 2689 spinuloso,

572 2710 645 2775 A.
685 2712 968 2789 dilatato,
1019 2707 1094 2772 A.
1133 2711 1441 2792 elongato²
1490 2706 1562 2771 A.
1601 2711 1974 2790 canariensi,
2033 2711 2329 2792 Phegopt.
2369 2713 2677 2792 Drepane,
2732 2709 2987 2791 Athyrio
3018 2728 3171 2771 um·—

575 2817 781 2894 broso‚
837 2816 1121 2896 Cystopt.
1171 2814 1401 2895 fragili,
1455 2813 1791 2876 Woodsiis.
1894 2816 1963 2875 ln
2006 2815 2329 2882 nonnullis
2372 2810 2599 2884 harum
2657 2814 2894 2876 filicum
2931 2803 3161 2893 saepe,

575 2927 901 2999 segmento
935 2919 982 2977 Ι.
1022 2918 1098 2977 O.
1136 2918 1352 2978 infimo
1396 2917 1700 3000 elongate,
1754 2920 1986 2980 lamina
2033 2919 2323 2999 ambigua
2367 2926 2835 2980 transmutatur
2875 2918 2942 2977 in
2974 2935 3170 2999 pyra-

578 3020 876 3082 midatam
909 3027 983 3080 ut
1011 3020 1077 3079 in
1107 3017 1328 3098 Aspid.
1368 3019 1680 3100 elongato,
1733 3022 1802 3082 A.
1841 3023 2164 3103 spinuloso
2203 3029 2265 3082 et
2299 3021 2582 3099 dilatato,
2637 3022 2938 3101 Phegopt.
2977 3022 3163 3102 Drep.

575 3132 699 3186 etc.
779 3125 996 3204 ltaque
1041 3123 1273 3182 lamina
1319 3122 1616 3202 ambigua
1663 3122 1743 3184 ad
1778 3124 2008 3187 formas
2042 3126 2352 3205 ancipites
2384 3121 2744 3185 collocanda
2779 3133 2896 3186 est.
2973 3124 3172 3185 Prae—

576 3227 792 3288 sertim
827 3222 1159 3305 Aspidium
1195 3226 1593 3306 spinulosum
1627 3228 1878 3290 excellit
1911 3228 2106 3306 figura
2142 3229 2413 3289 laminae
2446 3229 2643 3289 varia.

746 3331 1079 3410 Segmenta
1135 3331 1207 3391 II.
1269 3331 1342 3390 Ο.
1408 3332 1782 3409 praesertim
1837 3331 1902 3394 in
1955 3331 2094 3393 basi
2150 3331 2416 3393 laminae
2477 3328 2824 3394 secundum
2886 3328 3171 3393 ordinem

573 3431 1125 3497 distinctissimum
1160 3430 1468 3513 disposita
1503 3452 1642 3495 esse
1675 3434 1904 3515 solent,
1946 3454 2105 3516 quae
2138 3433 2470 3516 dispositio
2502 3456 2628 3497 non
2664 3453 2805 3496 raro
2837 3434 3169 3514 aptissima

576 3542 674 3597 est
717 3533 799 3596 ad
842 3537 1089 3615 species
1135 3536 1357 3599 affines
1402 3545 1542 3597 tuto
1589 3535 2094 3618 distinguendas.
2176 3539 2284 3600 Illa
2330 3539 2632 3621 dispositio
2680 3553 2791 3603 aut
2833 3541 3176 3604 anadroma

576 3649 687 3701 aut
718 3639 1076 3702 catadroma
1107 3650 1226 3702 est.
1309 3642 1391 3700 Ea
1442 3649 1768 3719 segmenta
1817 3643 1886 3702 ΙΙ.
1928 3643 2002 3705 Ο.
2053 3642 2457 3722 appellantur
2489 3644 2851 3723 amdronm,
2903 3663 3175 3725 quorum

578 3746 851 3825 primum
886 3746 949 3805 in
984 3744 1178 3805 latere
1211 3745 1538 3825 superiore
1572 3746 1883 3824 segmenti
1916 3746 2101 3825 primi
2136 3743 2376 3807 ordinis
2410 3746 2779 3808 collocatum
2816 3756 2950 3825 est3
2990 3756 3179 3822 cata—

576 3847 789 3910 droma
835 3849 1032 3927 igitur
1073 3867 1143 3908 ea
1192 3857 1378 3926 sunt,
1443 3866 1710 3928 quorum
1754 3850 2027 3929 primum
2076 3851 2140 3909 in
2185 3848 2381 3911 latere
2431 3850 2725 3912 inferiore
2771 3852 3173 3914 observatur.

578 3951 815 4012 Omnes
849 3948 1235 4029 Osmundae‚
1290 3950 1515 4030 Todea‚
1566 3948 1970 4032 Botrychium
2015 3953 2477 4033 lanuginosum,
2525 3957 2593 4015 B.
2631 3953 3057 4030 daucifolium,
3105 3957 3171 4015 B.

574 4060 921 4114 ternatum.
1004 4055 1361 4134 Segmentis
1394 4053 1776 4117 catadromis
1822 4054 2220 4117 secundariis
2263 4057 2576 4137 gaudent;
2631 4057 2741 4120 sed
2779 4059 3176 4141 Botrychium
3221 4040 3234 4052 ⁶

576 4157 1025 4237 virginianum‚
1062 4156 1193 4218 fere
1226 4159 1430 4220 omnia
1464 4157 1748 4238 Aspidia‚
1790 4160 2108 4240 Asplenia‚
2148 4159 2624 4244 Cystopterides
2657 4172 2977 4242 segmenta
3011 4181 3178 4224 ana-

576 4260 794 4324 droma
847 4261 1109 4337 habent3
1166 4262 1228 4321 in
1275 4261 1555 4323 Davallia
1603 4264 1957 4330 canariensi
2004 4273 2325 4343 segmenta
2371 4266 2442 4326 11.
2482 4266 2558 4327 O.
2606 4263 2970 4346 anadroma,
3020 4283 3180 4345 seg-

578 4372 788 4424 menta
823 4365 920 4425 IlI.
960 4366 1034 4425 Ο.
1075 4364 1434 4426 catadroma
1471 4373 1646 4426 sunt.

748 4468 1131 4548 Saepissime
1186 4470 1595 4531 architectura
1649 4469 1940 4549 seymenti
1976 4468 2166 4548 infimi
2209 4472 2262 4530 Ι.
2315 4471 2385 4532 Ο.
2442 4472 2781 4552 singularis
2836 4478 2969 4547 est3
3030 4470 3180 4550 ple—

576 4589 843 4653 rumque
891 4572 1056 4632 enim
1102 4567 1222 4633 hoc
1267 4579 1661 4653 segmentum
1707 4571 1845 4632 basi
1880 4590 1993 4632 sua
2026 4572 2406 4636 latissimum
2440 4584 2557 4646 est,
2609 4572 2930 4634 interdum
2965 4581 3177 4636 autem

577 4677 643 4735 in
677 4669 996 4737 nonnullis
1029 4674 1365 4755 speciebus
1414 4673 1596 4736 basin
1642 4694 1819 4737 suam
1856 4694 2077 4737 versus
2110 4675 2449 4750 admodum
2496 4688 2558 4742 et
2592 4679 2828 4740 sensim
2863 4675 3180 4740 decrescit

580 4789 648 4846 ut
690 4780 755 4839 in
788 4779 1045 4861 Athyrio
1089 4786 1364 4857 crenato,
1417 4780 1827 4858 HookerianO,
1876 4781 2164 4862 Botrych.
2206 4783 2463 4862 virgin.‚
2519 4782 2604 4842 ita
2648 4790 2719 4843 ut
2765 4790 2894 4856 tota
2940 4781 3181 4858 lamina
