3450 5367
1347 317 1666 378 Osmunda.
1721 271 1738 284 ·
2689 313 2808 380 187

210 494 396 550 turae
426 484 637 547 minus
665 483 1054 565 profundae,
1101 504 1296 549 nervo
1346 486 1549 549 medio
1596 486 1848 551 duobus
1883 489 2146 569 paribus
2187 507 2506 552 ramorum
2551 489 2810 569 pinnato

209 605 578 669 percursae.
634 622 721 633 --
782 588 1191 663 „Plenasium
1253 588 1781 652 banksiaefolium
1844 593 2075 655 Presl“
2137 591 2330 654 babet
2389 594 2619 672 pinnas
2672 592 2811 654 basi

211 690 619 770 integerrima
667 700 929 754 cuneata
977 692 1187 755 minus
1228 692 1548 773 elongata,
1601 694 1835 773 petiolo
1879 690 1980 755 2”’
2024 694 2207 774 longo
2251 696 2629 774 instructas,
2688 692 2812 778 7f'

209 793 468 872 longas,
521 784 623 853 6'''
656 793 856 869 latas3
906 802 1256 857 serraturas
1287 795 1729 875 profundiores
1774 814 1970 858 nervo
2002 797 2521 879 medio-quinque
2552 796 2814 878 paribus

210 912 535 957 ramorum
567 896 829 977 pinnato
857 916 1220 978 percursas.
1248 971 1251 974 ,

383 999 452 1059 ln
491 1005 763 1080 utraque
806 1000 1001 1064 forma
1035 1000 1407 1082 pulvinulus
1440 1001 1581 1077 ille,
1635 1004 1740 1066 cui
1780 1004 2053 1085 potiolus
2099 1005 2332 1084 pinnae
2374 1004 2653 1068 insertus
2685 1013 2807 1083 est,

207 1102 278 1163 in
310 1119 676 1182 processum
708 1100 813 1164 2”’
845 1104 1097 1185 longum
1132 1105 1562 1186 spiniformem
1597 1108 1947 1189 elongatur,
1988 1115 2062 1168 ut
2093 1108 2284 1187 pinna
2317 1107 2495 1188 quasi
2526 1108 2590 1169 in
2623 1107 2813 1170 axilla

208 1205 507 1266 bracteae
536 1181 760 1268 sedere
795 1204 1108 1270 videatur.

386 1309 565 1372 θῦεν.
603 1311 667 1373 2.
730 1308 1114 1388 „Osmunda
1146 1311 1462 1394 zeylanica
1489 1314 1695 1375 Kze.“
1734 1315 1899 1374 inter
1928 1321 2264 1394 utramque
2295 1311 2558 1375 formam
2593 1311 2814 1374 Preslii

207 1411 541 1493 ambigua3
591 1414 824 1494 pinnae
866 1410 947 1475 δ”
988 1413 1242 1495 longae,
1299 1411 1402 1477 6’”
1443 1414 1643 1493 latae,
1694 1416 1834 1479 basi
1881 1417 2115 1479 sensim
2161 1423 2423 1478 cuneata
2471 1415 2598 1478 fere
2642 1416 2809 1477 utin

206 1515 493 1577 Plenasio
534 1514 1053 1596 bromqliaefolio,
1110 1517 1383 1598 potiolus
1429 1515 1531 1580 4'''
1564 1519 1825 1599 longus,
1877 1528 2270 1598 serraturae,
2318 1527 2394 1581 ut
2430 1519 2496 1580 in
2530 1519 2810 1579 Plenasio

132 1676 137 1680 .
205 1617 720 1697 bromeliaefolio,
760 1619 971 1682 minus
1004 1618 1375 1701 profundae,
1414 1640 1611 1683 nervo
1635 1621 1846 1685 medio
1876 1640 2217 1703 percursas
2247 1621 2564 1686 interdum
2598 1632 2809 1684 autem

204 1722 422 1801 nullo,
461 1723 676 1784 nervis
709 1721 1102 1786 secundariis
1134 1726 1365 1807 pinnae
1395 1724 1792 1787 dichotomis.

1329 1946 1628 2026 Subordo
1664 1947 1750 2025 V.

383 2133 983 2219 ophioglossum
1033 2138 1104 2197 R.
1162 2139 1390 2201 Brown
1455 2138 1724 2202 Prodr.
1785 2140 1984 2201 Flor.
2058 2141 2242 2202 Nov.
2282 2139 2477 2201 Holl.
2534 2140 2677 2199 463.
2729 2171 2805 2183 -—

200 2238 389 2303 Endl.
425 2239 602 2300 Gen.
638 2239 739 2319 pl.
778 2240 881 2301 65.
918 2247 984 2300 et
1015 2240 1243 2320 Suppl.
1278 2243 1326 2302 Ι.
1366 2242 1551 2304 4352.

381 2344 532 2421 Syn.
598 2341 1151 2422 Stachyopterides
1188 2343 1388 2406 Willd.
1439 2346 1552 2426 Sp.
1589 2346 1679 2426 pl.
1716 2349 1790 2408 V.
1829 2349 1936 2408 35.

384 2446 729 2526 Sporangia
761 2446 1164 2526 cumulata,
1202 2456 1569 2510 transverse
1602 2449 1990 2512 dehiscentia
2014 2497 2029 2528 ,
2070 2450 2268 2512 libera
2305 2450 2346 2511 Ι.
2386 2450 2801 2525 subconnata,

200 2549 488 2626 sessilia,
529 2549 966 2611 unilocularia.

380 2651 544 2714 Folia
575 2653 944 2714 vernatione
975 2655 1192 2716 stricta
1226 2654 1266 2715 l.
1309 2654 1629 2732 inclinata,
1669 2674 1704 2715 e
1736 2655 2079 2738 segmentis
2112 2653 2305 2732 binis,
2343 2654 2542 2715 altero
2569 2654 2810 2733 postico

200 2754 434 2830 sterili,
473 2755 669 2818 altero
700 2757 927 2833 antico,
966 2757 1029 2816 in
1053 2758 1291 2837 spicam
1323 2757 1369 2818 l.
1399 2757 1756 2838 paniculam
1783 2753 2104 2821 contracto
2137 2755 2503 2835 composita.

382 2859 428 2919 E
475 2861 677 2940 spanis
723 2861 1015 2921 oriuntur
1058 2859 1388 2940 prothallia
1433 2859 1766 2940 tuberosa,
1827 2860 2278 2938 subterranea,
2328 2856 2701 2921 antheridiis
2745 2867 2810 2920 et

199 2962 603 3041 archegoniis
634 2963 967 3025 instructa.

376 3064 614 3127 Folium
648 3066 1117 3148 Botrychiorum
1153 3073 1215 3127 et
1248 3067 1805 3148 Ophioglossorum
1837 3084 1905 3128 re
1937 3083 2084 3127 vera
2109 3066 2523 3147 compositum
2558 3083 2698 3127 esse
2728 3082 2810 3127 ex

201 3176 533 3247 segmento
566 3167 755 3229 fertili
796 3166 987 3251 (spica
1020 3169 1063 3229 l.
1102 3167 1412 3250 panicula)
1452 3177 1516 3231 et
1547 3189 1626 3231 ex
1655 3177 1979 3249 segmento
2010 3169 2210 3231 sterili
2238 3216 2251 3247 ,
2302 3169 2538 3249 optime
2568 3185 2806 3247 cogno-—

200 3271 407 3332 scitur
434 3289 510 3331 ex
540 3270 948 3351 ophioglosso
977 3271 1255 3352 palmato
1289 3271 1487 3334 Plum.
1528 3271 1706 3336 Conf.
1737 3273 1904 3334 lcon.
1934 3270 2253 3352 pulcherr.
2284 3273 2349 3332 in
2373 3272 2552 3333 Flora
2571 3270 2798 3332 Brasil.

199 3375 360 3436 fasc.
407 3374 627 3435 xxm.
673 3374 827 3435 Tah.
881 3375 919 3436 9
961 3383 1026 3437 et
1068 3364 1429 3457 Hoftncister
1483 3376 1545 3437 in
1591 3373 1825 3438 Abhdl.
1876 3376 1951 3437 K.
2016 3375 2224 3438 sacbs.
2269 3375 2413 3438 Ges.
2458 3373 2651 3437 Wissi.
2702 3374 2801 3435 lll.

207 3474 424 3559 (⁴857)
463 3496 529 3557 p.
566 3476 712 3539 657.
1038 3463 1044 3470 ’
1103 3463 1111 3472 ’

375 3581 442 3640 ln
477 3581 591 3640 hac
620 3579 784 3641 enim
818 3580 1030 3661 planta
1057 3580 1241 3644 adest
1266 3583 1495 3644 lamina
1522 3581 1759 3645 sterilis
1785 3583 1966 3663 longe
1991 3581 2288 3662 petiolata
2312 3600 2347 3642 e
2373 3581 2511 3644 basi
2538 3589 2808 3644 cuneata

194 3682 697 3764 palmatipartita
723 3730 737 3759 ,
805 3691 1102 3746 ccostata.
1201 3685 1423 3764 Spicae
1473 3702 1847 3746 numerosae
1894 3678 2364 3766 pedunculatae
2416 3682 2729 3747 discretae
2772 3703 2808 3743 e

194 3785 599 3864 marginibus
644 3786 829 3864 hujus
873 3787 1142 3849 laminae
1173 3787 1495 3865 oriuntur,
1546 3787 1960 3867 ophioglosso
1995 3789 2250 3867 vulgato
2282 3787 2553 3866 similes,
2603 3789 2692 3849 ita
2736 3795 2814 3849 ut

193 3887 377 3948 nulla
411 3886 723 3951 dubitatio
754 3890 859 3969 sit,
899 3890 1011 3951 has
1043 3890 1252 3968 spicas
1283 3906 1427 3950 esse
1453 3897 1775 3969 segmenta
1803 3898 2223 3951 transmutata
2249 3888 2520 3951 laminae
2544 3890 2803 3952 steriliS.

374 3988 553 4051 conf.
621 3991 915 4073 Kaulfuss
957 3993 1022 4052 in
1054 3993 1231 4054 Flora
1280 3990 1390 4052 Bd.
1429 3992 1475 4052 1.
1514 3992 1622 4052 No.
1665 3990 1726 4052 7.
1778 3990 1823 4073 (4
1841 3989 1984 4073 822)
2023 4000 2088 4054 et
2119 3993 2346 4054 Enum.
2384 3992 2556 4054 Pilio.
2594 4011 2658 4074 p.
2694 3994 2801 4055 26.

193 4094 307 4156 27.
345 4125 415 4140 --
451 4088 524 4153 A.
553 4095 774 4156 Brmm
805 4097 867 4156 in
893 4095 1066 4156 Flora
1106 4097 1151 4172 (4
1171 4094 1317 4176 839)
1354 4094 1466 4156 Bd.
1504 4096 1551 4156 l.
1589 4113 1652 4173 p.
1685 4096 1835 4155 304.
1863 4129 1947 4141 --
1976 4096 2205 4177 Roeper
2234 4095 2320 4157 Fl.
2360 4115 2423 4158 ν.
2460 4095 2799 4178 Mecklbrg.

204 4194 422 4279 (4843)
472 4215 537 4275 p.
587 4199 733 4259 406.
770 4229 857 4246 —-·
905 4198 1077 4260 Prcsl
1105 4198 1326 4278 Suppl.
1379 4199 1664 4259 Tantam.
1714 4195 2060 4279 Pteridogr.
2104 4196 2350 4279 (4845).
2384 4233 2469 4247 --
2516 4200 2796 4278 Schacm,

191 4298 313 4360 Die
356 4299 807 4361 Pflanzemelle
861 4299 907 4379 (4
926 4299 1067 4382 852)
1138 4320 1205 4380 p.
1268 4301 1418 4363 304.
1471 4334 1556 4346 --
1607 4300 1971 4382 Hof'meister
2024 4302 2091 4363 in
2137 4302 2530 4383 Bonplandia
2586 4300 2796 4385 (4855)

184 4401 407 4479 sam-g.
461 4403 559 4462 111.
596 4403 704 4463 No.
744 4402 824 4486 24
887 4434 974 4447 -
1015 4402 1251 4465 Menan.
1303 4402 1474 4463 Filio.
1525 4403 1689 4464 bort.
1729 4405 1901 4484 Lips.
1957 4403 2168 4487 (⁴856)
2218 4425 2279 4485 p.
2327 4407 2472 4467 ⁴⁴9.
2519 4385 2651 4467 inb.
2693 4408 2795 4468 so.

191 4538 286 4552 --·
314 4503 532 4582 Milde,
585 4504 957 4584 Botryoh‘ien
998 4503 1459 4568 Deutscblands
1504 4505 1633 4568 und
1666 4508 1950 4588 Europus
1991 4508 2158 4568 Nova
2207 4507 2361 4568 Acta
2405 4509 2538 4570 Vol.
2586 4510 2796 4571 XXVI.

191 4610 265 4669 P.
295 4607 371 4669 11.
412 4606 617 4689 (4858)
659 4626 722 4686 p.
762 4608 911 4669 289.
948 4639 1021 4658 -—-
1057 4607 1259 4685 mildo,
1303 4608 1507 4670 Ueber
1530 4610 1897 4690 Botrychien
1922 4613 1987 4670 in
2012 4611 2146 4671 Bot.
2175 4612 2304 4690 Ztg.
2339 4609 2530 4671 4864.
2552 4611 2663 4672 Νο.
2698 4612 2799 4673 45.

186 4712 398 4791 Βϋρετ·
427 4710 492 4771 in
516 4712 650 4771 Bot.
691 4713 818 4791 Zlg.
861 4714 1049 4773 4859.
1099 4712 1212 4773 No.
1255 4713 1310 4772 4.
1351 4710 1413 4773 2.
1451 4713 1557 4773 28.
1594 4713 1702 4773 29.
1741 4714 1845 4775 30.
1884 4712 1988 4774 34.
2028 4709 2132 4772 37.
2398 4735 2410 4745 ·

372 4808 485 4878 26.
534 4812 953 4896 ”lileshul-
974 4816 1045 4879 L.
1075 4814 1262 4877 Gen.
1289 4814 1546 4902 plant.
1575 4816 1899 4885 Nalm.
1928 4850 1999 4863 —
2026 4812 2217 4883 Hoolc.
2251 4813 2580 4884 Gauda.
2609 4816 2799 4888 5943.
