3450 5367
606 281 731 348 204
1672 288 2150 363 Ophioglosseae.

781 458 839 532 4)
884 455 1261 537 Plerumque
1293 455 1525 518 lamina
1556 456 1795 518 sterilia
1825 455 2010 537 longe
2039 458 2342 538 petiolata‘
2371 456 2590 539 adest,
2627 461 2814 539 cujus
2841 460 3124 541 petiole
3105 481 3209 524 m-

611 560 793 622 ferne
817 559 1048 621 lamina
1080 558 1302 622 fertilis
1334 558 1615 621 solitaria
1644 556 1878 621 adnata
1911 569 2031 622 est.

783 664 843 748 2)
892 662 1234 725 Rarissime
1279 660 1445 725 duae
1496 662 1770 726 laminae
1820 661 2134 726 discretae
2185 662 2426 729 fertiles
2469 666 2621 729 huic
2663 668 2900 748 petiolo
2943 665 3212 732 adnatae

612 776 799 845 sunt;
836 766 1089 828 Silesia.
1136 766 1451 829 Borussia.

783 873 847 947 3)
900 869 978 930 Et
1006 867 1201 931 semel
1234 875 1483 931 tantum
1516 876 1642 933 tres
1671 867 1934 933 Ιαυηυιω
1977 868 2274 934 di'scrctos
2299 868 2537 952 fertiles
2555 872 2781 962 petiole
2809 874 3081 936 incertas
3106 873 3215 935 in-

614 973 783 1036 veni.
846 972 1097 1034 Silesia.

790 1075 845 1159 t)
900 1076 1103 1155 Saepe
1133 1070 1298 1135 duae
1321 1073 1592 1136 laminae
1621 1075 1866 1136 steriles
1883 1075 2346 1140 observantur’
2327 1098 2395 1141 in
2417 1078 2640 1142 eadem
2664 1079 2907 1161 planta,
2943 1098 3210 1161 quarum

608 1182 808 1243 altera
838 1178 988 1240 anni
1021 1176 1349 1258 praeteriti
1378 1187 1481 1240 est
1508 1186 1573 1239 et
1604 1176 1744 1240 basi
1777 1178 2110 1261 vaginaute
2142 1181 2444 1260 petiolum
2475 1182 2750 1246 laminae
2772 1183 3040 1246 alterius
3070 1203 3213 1246 am-

608 1283 942 1364 plectitur;
1000 1279 1066 1340 iu
1115 1278 1345 1360 petiolo
1389 1278 1576 1358 hujus
1620 1280 1894 1343 laminae
1937 1281 2171 1344 sterilis
2201 1284 2349 1346 anni
2394 1286 2721 1366 praeteriti
2753 1304 3009 1368 semper
3039 1288 3212 1369 frag-—

610 1392 823 1448 menta
856 1383 1125 1446 laminae
1154 1382 1383 1444 fertilis
1410 1380 1621 1445 adbuc
1648 1384 2048 1448 observanda
2080 1394 2256 1450 sunt.

786 1485 847 1568 5)
885 1485 1227 1547 Rarissime
1249 1482 1413 1547 duae
1436 1484 1480 1550 l.
1508 1493 1640 1550 tres
1658 1485 1930 1551 laminae
1950 1490 2201 1552 steriles
2217 1489 2475 1571 adsunt,
2503 1510 2775 1573 quarum
2801 1488 2968 1553 duae
2991 1490 3210 1554 eodem

612 1608 780 1653 anno
808 1596 1175 1670 procreatae
1202 1595 1391 1660 sunt3
1427 1595 1562 1651 tum
1594 1590 1829 1670 petiole
1858 1591 2131 1654 laminae
2159 1593 2426 1656 alterius
2455 1594 2687 1655 lamina
2719 1593 2951 1656 fertilis
2981 1592 3214 1656 adnata

613 1701 745 1772 est,
799 1699 864 1754 et
906 1688 1070 1753 duae
1108 1690 1269 1752 aliae
1301 1689 1571 1754 laminae
1601 1693 1852 1766 steriles
1880 1693 2242 1759 alternatim
2274 1695 2655 1777 dispositae,
2707 1696 2847 1760 basi
2883 1698 3215 1778 vaginante

613 1797 962 1879 proximam
994 1794 1292 1857 laminam
1323 1794 1819 1875 amplectuntur.

787 1917 844 1997 6)
899 1917 1033 1979 Non
1066 1933 1207 1978 raro
1238 1912 1366 1976 duo
1395 1913 1716 1978 individua
1749 1914 2030 1979 discreta
2070 1918 2134 1979 in
2169 1916 2388 1981 eodem
2433 1919 2780 1982 rhizomate
2808 1918 3079 1999 adsunt,
3131 1922 3216 1981 ita

614 2029 689 2082 ut
720 2018 887 2082 duae
929 2019 1201 2081 laminae
1243 2018 1493 2082 steriles
1535 2020 1862 2101 oppositae
1905 2020 2351 2103 inveniantur,
2403 2041 2672 2104 quarum
2719 2024 2948 2105 petiolo
2979 2023 3212 2084 lamina

613 2122 839 2183 fertilis
870 2121 1117 2202 singula
1148 2119 1379 2184 adnata
1411 2129 1533 2184 est.

788 2242 917 2302 Hac
948 2244 1337 2322 proprietate
1387 2238 1571 2304 modo
1601 2239 1916 2322 descripta
1937 2288 1953 2320 ,
2015 2241 2157 2324 (sub
2188 2246 2228 2305 2
2259 2252 2325 2306 et
2355 2244 2415 2329 6)
2453 2248 2642 2310 etiam
2687 2250 2754 2310 in
2785 2247 3023 2329 plantis
3052 2247 3218 2309 sile-

617 2344 802 2405 siacis
833 2344 1168 2407 observata
1185 2393 1201 2424 ,
1253 2345 1641 2428 Bon-ychium
1669 2342 2122 2423 subbifoliatum
2155 2345 2492 2411 Brackenr.
2541 2350 2870 2413 conditum
2910 2359 3048 2425 est3
3101 2348 3219 2410 sed

617 2447 1072 2526 speciminibus
1104 2447 1512 2529 originalibus
1544 2448 1924 2510 examinatis
1947 2448 2122 2511 nullo
2151 2449 2337 2512 modo
2362 2450 2525 2513 hanc
2549 2452 2829 2534 plantam
2855 2472 2972 2534 pro
3003 2457 3223 2532 specie

619 2545 916 2612 distincta
948 2567 1273 2613 assumere
1302 2569 1585 2631 possum.
1646 2549 1846 2633 (Cous.
1881 2552 2037 2614 Nov.
2073 2549 2214 2615 Act.
2251 2554 2386 2617 Vol.
2423 2557 2637 2618 XXVI.
2674 2557 2739 2617 P.
2776 2557 2849 2617 Il.
2884 2553 3036 2617 Tab.
3075 2553 3214 2635 53.)

787 2671 852 2730 Β.
893 2679 1210 2733 ternatum
1244 2671 1374 2734 Sw.
1411 2679 1477 2735 et
1505 2673 1572 2733 Β.
1609 2672 1897 2734 australe
1927 2673 1997 2733 R.
2037 2673 2148 2734 Br.
2185 2672 2406 2736 Prodr.
2450 2674 2589 2738 flor.
2641 2677 2795 2739 Nov.
2823 2651 2993 2737 non.
3048 2676 3221 2739 18⁴0

620 2793 682 2852 p.
723 2773 870 2835 ⁴64.
906 2776 1161 2837 omnino
1192 2774 1447 2857 plantae
1477 2774 1734 2838 eaedem
1768 2765 1981 2856 itaque
2012 2793 2399 2857 synonymae
2431 2786 2605 2840 sunt.
2671 2779 2930 2840 Formae
2960 2777 3230 2840 Ameri-

615 2895 811 2938 canae
840 2879 1114 2957 primum
1147 2876 1489 2940 admodum
1520 2877 1602 2939 ab
1634 2878 1979 2959 Europaeis
2003 2878 2265 2941 differre
2297 2877 2629 2960 videntur,
2677 2878 2790 2943 sed
2824 2881 3065 2943 sensim
3101 2880 3226 2942 alia

613 2980 682 3040 in
713 2978 894 3041 aliam
942 2982 1209 3058 transit3
1260 2981 1599 3061 praecipue
1641 2998 1784 3042 var.
1830 2979 2202 3046 lunarzbides
2244 3002 2699 3065 nonnunquam
2745 2985 2919 3046 nullo
2963 2982 3163 3045 modo
3193 3002 3229 3044 a

617 3081 832 3162 planta
863 3084 1215 3164 germanica
1248 3085 1530 3164 separari
1562 3091 1772 3164 potest
1804 3091 1868 3145 et
1898 3084 1980 3146 ab
2013 3085 2130 3147 hac
2159 3085 2362 3149 solum
2394 3087 2640 3149 laciniis
2670 3086 2810 3150 basi
2844 3084 3229 3168 aequalibus

619 3184 1065 3250 reniformibus
1096 3184 1326 3249 differt.

786 3290 855 3351 In
884 3290 1123 3371 plantis
1152 3287 1545 3354 Americanis
1591 3308 1844 3370 semper
1885 3287 2110 3353 dentes
2140 3298 2206 3353 et
2234 3310 2462 3354 crenae
2504 3292 2875 3355 laciniarum
2907 3312 3232 3355 numero-

620 3392 817 3453 siores
849 3401 1000 3453 sunt
1019 3439 1033 3468 ,
1085 3411 1275 3473 quam
1307 3394 1372 3455 in
1414 3394 1780 3473 europaeis;
1830 3391 1986 3456 dum
2018 3395 2133 3456 hae
2164 3413 2389 3456 crenae
2435 3394 2874 3479 profundiores
2904 3397 3223 3473 existunt,

621 3491 817 3554 forma
848 3491 1118 3556 dissecta
1152 3493 1389 3557 evadit.

787 3619 1026 3680 Nomen
1062 3619 1513 3695 „Ternatum“
1546 3621 1873 3681 nominum
1915 3620 2197 3680 omnium
2243 3638 2720 3682 numerosorum
2764 3621 2954 3701 hujus
2983 3623 3233 3703 speciei

615 3720 799 3802 longe
833 3723 1237 3784 veterrimum
1282 3720 1326 3803 (l
1346 3719 1486 3804 784)
1529 3730 1629 3784 est
1659 3730 1723 3784 et
1755 3721 2026 3784 libenter
2055 3722 2246 3802 igitur
2275 3722 2393 3784 hoc
2418 3724 2712 3786 omnibus
2742 3725 2881 3785 aliis
2914 3727 3227 3805 praetuli.

785 3826 1043 3887 Formae
1071 3824 1384 3907 Botrycbii
1419 3827 1652 3886 ternati
1683 3826 1749 3885 in
1782 3823 2038 3887 modum
2083 3825 2437 3887 naturalem
2469 3824 2813 3906 dispositae
2845 3827 2963 3888 hae
2993 3838 3188 3891 sunt.
3215 3851 3258 3890 t.

788 3941 848 4026 a)
903 3944 1224 4027 Seymenta
1250 3945 1451 4009 ultimi
1476 3946 1707 4010 ordinis
1738 3943 2052 4027 complura
2067 3993 2085 4025 ,
2122 3944 2342 4008 sensim
2374 3963 2512 4007 cum
2543 3945 2718 4026 apice
2745 3949 3044 4028 seymenti
3073 3969 3239 4013 con-

613 4044 889 4125 fluentia.
3169 4127 3174 4132 .

793 4159 851 4244 t)
901 4165 1170 4236 Forma
1209 4166 1726 4231 lunarioides.
1811 4169 2145 4249 Segmenta
2188 4168 2409 4230 ultima
2467 4188 2502 4230 e
2549 4168 2696 4234 basi
2740 4169 2995 4252 aequali
3047 4175 3243 4235 reni-

618 4264 1216 4348 formi-rotundata,
1253 4279 1529 4333 crenata.
1595 4271 1812 4334 Planta
1842 4269 2238 4334 Americana.

787 4368 852 4452 2)
902 4372 1166 4433 Forma
1198 4391 1488 4454 europa
1507 4391 1614 4436 ea.
1680 4375 2017 4454 Segmenta
2062 4374 2270 4437 ultimi
2314 4372 2556 4437 ordinis
2600 4394 2636 4437 e
2681 4374 2821 4437 basi
2866 4374 3237 4458 inaequali,

616 4469 907 4535 inferiore
938 4474 1128 4537 latius
1160 4473 1447 4556 cordata,
1495 4478 1821 4557 superiore
1850 4477 2054 4540 levius
2100 4473 2434 4540 rotundata
2467 4477 2512 4539 l.
2547 4478 2969 4540 subtruncata
3015 4483 3239 4545 ovalia

615 4584 680 4636 et
711 4576 1301 4659 ovato-rotundata,
1341 4585 1594 4642 crenata
1626 4578 1665 4641 l.
1706 4577 1990 4660 repanda
2020 4579 2065 4640 l.
2103 4579 2657 4661 subintegerrima.

784 4678 844 4762 3)
906 4681 1184 4742 Forma
1252 4682 1958 4745 australasiatica.
2036 4684 2377 4764 Segmenta
2433 4684 2638 4748 ultimi
2697 4681 3018 4760 ordinise
3089 4685 3242 4750 basi

617 4779 961 4863 inaequali,
1029 4780 1327 4846 inferiore
1381 4781 1755 4867 rotundata,
1821 4786 2145 4873 superiore
2198 4793 2406 4853 erecta
2459 4785 2504 4850 1.
2561 4777 2854 4852 truncata
2917 4785 3241 4876 oblonga,
