3450 5367
1367 301 1668 359 Ceterach.
2745 297 2832 362 97

346 465 483 527 Sori
516 465 731 529 ovales
760 467 805 528 l.
843 464 1095 547 oblongi
1128 465 1403 547 primum
1436 465 1719 548 discreti,
1775 467 1898 530 rari
1931 463 2163 531 deinde
2193 468 2501 551 contigui,
2537 467 2823 532 unilate-
2949 494 2957 502 ·

215 567 410 631 rales.

390 655 626 735 Sporae
657 654 1040 733 atrofuscae,
1076 655 1322 735 uvales,
1361 654 1664 736 nodosae,
1713 659 1865 719 stria
1896 655 2173 720 solitaria
2203 666 2481 722 notatae.

392 759 548 822 Huic
580 758 834 839 plantae
856 759 1210 857 proximum
1236 767 1335 823 est
1349 758 1655 825 cotenon
1667 750 2075 824 rutaefolinm
2100 761 2264 824 uest.
2292 761 2408 824 Fil.
2438 761 2606 825 hort.
2642 761 2811 843 Lips.

213 862 239 921 4
394 908 410 923 .
499 907 513 922 .
641 908 655 925 .

258 863 1120 1046 85685n.8?3ymnogramme
1154 962 1318 1027 Hook
1342 963 1471 1028 and
1505 967 1683 1031 Grev.
1735 970 1820 1030 Ic.
1857 967 1947 1030 fil.
1983 976 2030 1030 t.
2069 970 2283 1031 90.—-
2313 968 2387 1032 G.
2417 964 2821 1050 subglandu-

210 1067 347 1130 losa
392 1068 439 1129 1.
485 1087 542 1131 c.
587 1075 636 1131 t.
689 1070 794 1130 9¹.
846 1102 925 1115 —
960 1055 1324 1133 Grammitis
1367 1070 1692 1133 rutaefolia
1737 1071 1807 1134 R.
1857 1072 1969 1134 Br.
2004 1105 2086 1118 —
2129 1073 2536 1165 Pleurosorus
2566 1072 2700 1136 Fde.
2732 1105 2818 1119 -·

210 1173 281 1233 P.
320 1181 628 1236 cuneatus
660 1171 793 1235 Fe'e.
828 1206 913 1219 -

384 1293 566 1357 Icon.
625 1289 813 1355 Hook.
864 1291 906 1354 l.
953 1311 1013 1355 c.
1059 1327 1147 1338 —
1188 1293 1364 1356 Lowe
1391 1294 1546 1356 New
1586 1291 1713 1357 and
1758 1312 1884 1357 rar.
1934 1292 1981 1357 I.
2029 1303 2076 1359 t.
2129 1296 2234 1358 45.

389 1398 553 1459 Haec
581 1396 823 1477 speeies
854 1394 1063 1457 differt
1090 1415 1124 1459 a
1157 1396 1577 1478 praecedente
1626 1396 1723 1459 his
1754 1399 1959 1462 notis:
1997 1398 2332 1479 segmenta
2361 1400 2409 1462 1.
2460 1400 2536 1463 Ο.
2585 1399 2818 1464 flabel-

214 1499 585 1562 lato-incisa
632 1497 677 1559 1.
714 1496 1085 1580 pinnatifida
1107 1545 1124 1579 ,
1178 1500 1324 1581 pilis
1355 1500 1392 1561 2
1423 1498 1832 1564 cellularibus
1860 1501 1903 1564 Ι.
1941 1501 2006 1563 in
2038 1500 2399 1584 glandulam
2432 1504 2817 1567 exeuntibus

215 1603 466 1666 vestita.
532 1604 823 1665 Nervatio
847 1600 1325 1684 Cyclopteridis.
1403 1601 1607 1685 (Costa
1643 1604 1838 1685 igitur
1866 1622 1992 1666 non
2024 1602 2410 1687 manifesta).

358 1723 578 1785 Paleae
591 1723 946 1784 rhizomatis
962 1722 1699 1803 elongato-lanceolatae,
1736 1725 2197 1807 integerrimae,
2227 1723 2548 1788 laxissime
2572 1728 2820 1790 reticu-
2833 1725 2848 1732 ‘

219 1826 414 1902 latae,
467 1826 707 1888 lumine
748 1826 993 1905 amplo,
1030 1826 1352 1888 rarissime
1381 1822 1486 1890 hic
1511 1826 1638 1889 illic
1668 1825 1973 1890 dentibus
2003 1826 2385 1908 longissimis
2413 1829 2592 1910 apice
2624 1829 2818 1909 glan-

214 1924 505 1990 duliferis
538 1929 830 2006 vestitae;
879 1928 1024 1993 folia
1055 1926 1308 2014 2-43st
1354 1930 1572 2013 longa3
1631 1930 1904 2013 petiolus
1947 1931 2271 1992 rarissime
2310 1930 2627 2012 glandulis
2670 1949 2818 1995 ma-

212 2032 355 2111 gnis
387 2030 753 2108 sessilibus‚
803 2050 1128 2114 nunquam
1162 2030 1479 2113 glandulis
1511 2034 1866 2098 minoribus
1908 2031 2299 2115 pedicellatis
2340 2032 2610 2098 obsitus.
2671 2032 2816 2097 Au-

209 2133 456 2202 stralia.

384 2251 520 2315 Alia
551 2255 797 2334 species
824 2255 1032 2318 affinis
1062 2265 1161 2320 est
1189 2255 1509 2320 Ceterach·
1524 2236 2109 2338 papasemefolinm
2136 2261 2299 2323 Mett.
2337 2257 2384 2320 l.'
2422 2275 2476 2320 c.

389 2357 543 2434 Syn.
610 2358 1128 2441 Gymnogramme
1169 2361 1318 2423 Kze.
1363 2395 1451 2406 —
1494 2353 1901 2425 Pleurosorus
1942 2362 2079 2426 Βόα.
2119 2347 2198 2409 ’--
2231 2358 2601 2443 Asplenium
2631 2361 2817 2425 cilia-

210 2467 353 2523 tum
380 2460 546 2543 Bory
575 2460 620 2524 f.
656 2480 708 2524 s.
749 2481 806 2525 o.
842 2497 927 2509 -
956 2462 1135 2526 Icon.
1178 2465 1389 2527 Kunze
1409 2463 1593 2527 Anal.
1628 2462 1865 2527 Pterid.
1902 2474 1949 2528 t.
1986 2466 2139 2528 VIII.
2175 2462 2220 2526 f.
2257 2464 2322 2526 2.

388 2565 636 2627 Lamina
670 2565 797 2627 late
829 2574 1034 2647 ovata,
1070 2566 1584 2649 bipinnatiseota,
1620 2569 1960 2649 segmentis
1990 2569 2062 2630 11.
2100 2568 2175 2631 Ο.
2229 2563 2617 2630 distantibus
2648 2566 2816 2631 obo-

210 2666 374 2729 vatis
405 2666 721 2731 interdum
766 2669 1287 2751 pinnatipartitis,
1338 2670 1582 2736 laciniis
1613 2670 2233 2751 obovato-cuneatis,
2270 2669 2538 2751 obtusis,
2579 2671 2817 2753 subin-

211 2771 366 2833 cisis
408 2771 787 2835 dentatisve.
850 2773 997 2833 Tota
1042 2773 1255 2854 planta
1301 2774 1443 2855 pilis
1491 2774 1726 2856 longis,
1778 2773 2073 2837 omnibus
2116 2773 2294 2856 apice
2333 2770 2807 2856 glanduligeris,

214 2875 480 2938 hirsuta.
545 2877 869 2939 Palearum
900 2876 1159 2940 cellulae
1188 2878 1418 2940 breves
1440 2923 1457 2957 ,
1496 2874 1611 2940 sed
1641 2878 1879 2941 lumine
1909 2877 2117 2959 amplo
2148 2876 2513 2940 instructae.

387 2996 528 3077 lpse
559 2996 791 3060 formas
822 2994 1228 3059 intermedias
1260 2998 1427 3058 inter
1449 2997 1564 3059 has
1608 3004 1742 3058 tres
1773 2996 2109 3059 varietates
2140 3013 2265 3058 non
2298 2992 2463 3075 vidi3
2515 3014 2661 3060 nam
2696 2996 2814 3060 hae

215 3100 474 3182 plantae
516 3102 580 3162 in
622 3099 930 3164 herbariis
975 3101 1296 3163 rarissime
1342 3099 1787 3178 inveniuntur;
1841 3099 1992 3162 clar.
2044 3106 2257 3162 autem
2299 3099 2616 3164 Menenius
2659 3100 2813 3162 mihi

214 3204 495 3284 scripsit,
534 3204 796 3267 alteram
828 3206 901 3266 in
927 3203 1191 3266 alteram
1220 3203 1513 3270 transire.

390 3324 572 3388 Obw.
647 3325 821 3387 Hanc
865 3324 1137 3403 speciem
1184 3341 1253 3385 re
1300 3341 1447 3385 vera
1489 3321 1569 3385 ad
1627 3341 1830 3402 genus
1879 3323 2180 3388 Ceterach
2217 3322 2567 3404 pertinere,
2627 3319 2812 3384 docet

211 3446 469 3510 quoque
492 3426 912 3508 pulcherrime
935 3444 1200 3488 examen
1223 3425 1547 3507 palearum
1575 3436 1640 3490 et
1662 3444 2016 3508 sperarum.
2074 3426 2223 3489 Illae
2252 3442 2503 3507 semper
2523 3423 2813 3487 clathra-

213 3543 349 3613 tae,·
382 3532 503 3593 hae
529 3531 677 3593 stria
722 3530 999 3596 solitaria
1037 3536 1325 3608 notatae,
1376 3537 1448 3591 ut
1489 3530 1554 3591 in
1588 3529 1888 3593 Ceterach
1932 3538 1997 3592 et
2025 3527 2375 3612 Aspleniis3
2426 3529 2491 3590 in
2525 3527 2813 3611 Gymno-

212 3654 497 3717 gramme
526 3641 739 3698 autem
772 3633 991 3713 paleae
1021 3652 1149 3696 non
1181 3632 1528 3695 clathratae
1547 3681 1563 3712 ‚
1604 3652 1828 3715 sporae
1859 3633 2031 3696 striis
2063 3633 2271 3696 tribus
2300 3640 2590 3708 notatae3
2642 3629 2812 3694 unde

214 3740 376 3801 haec
405 3754 638 3820 organa
668 3738 736 3800 in
768 3737 1040 3799 filicibus
1072 3754 1399 3818 nunquam
1429 3733 1821 3817 negligenda.

392 3840 681 3906 Ceterach
710 3841 898 3904 Pozoi
922 3848 986 3902 et
1017 3838 1260 3921 species
1290 3838 1510 3901 affines
1541 3856 1575 3900 a
1604 3838 1894 3921 plurimis
1916 3834 2228 3899 botanicis
2251 3833 2333 3899 ad
2356 3853 2555 3918 genus
2580 3836 2814 3899 Gram-

215 3944 504 4008 mitidem
536 3944 952 4022 collocantur3
1005 3950 1177 4005 certo
1220 3943 1567 4018 immerit03
1615 3957 1764 4002 nam
1798 3941 1923 4003 sori
1954 3939 2364 4002 unilaterales
2396 3949 2579 4020 sunt,
2629 3946 2814 4002 cete-

216 4067 358 4112 rum
394 4048 685 4126 habitus,
733 4047 1014 4110 fasciculi
1055 4045 1271 4128 petioli
1294 4090 1311 4125 ,
1359 4044 1617 4126 paleae,
1664 4061 1891 4125 sperae
1922 4044 2176 4106 omnino
2207 4041 2427 4106 eadem
2460 4051 2611 4105 sunt
2640 4044 2809 4106 acin

216 4152 527 4216 Ceterach
559 4150 972 4218 officinarum.

393 4271 560 4335 Clar.
594 4270 775 4334 Presl
801 4271 1043 4353 species
1075 4268 1155 4333 ad
1187 4287 1385 4351 genus
1417 4268 1716 4332 Ceterach
1763 4268 2156 4352 pertinentes
2201 4264 2285 4329 ad
2331 4284 2533 4349 genus
2563 4265 2811 4349 »Gym-

212 4393 625 4458 negt-amma«
686 4373 771 4456 (in
813 4376 1097 4436 Tentam.
1146 4370 1490 4454 Pteridogr.
1545 4390 1609 4453 p.
1668 4369 1816 4456 2⁴9)
1858 4371 2121 4435 collocat
2166 4388 2293 4435 una
2335 4389 2478 4434 cum
2525 4369 2810 4451 Gymno-

212 4495 496 4559 gramme
526 4475 908 4560 leptophylla
963 4485 1027 4539 et
1070 4476 1210 4539 aliis
1257 4472 1624 4557 speciebus3
1674 4474 1787 4536 sed
1819 4474 1903 4536 ab
1933 4474 2033 4536 his
2063 4492 2313 4556 quoque
2346 4472 2646 4538 Ceterach
2678 4467 2814 4533 dif-

217 4582 342 4644 fert
382 4582 544 4645 soris
585 4580 1070 4645 unilateralibus
1114 4589 1178 4642 et
1203 4578 1427 4659 paleis.
1494 4578 1713 4638 Paleae
1758 4578 1825 4638 in
1858 4576 2162 4642 Ceterach
2194 4575 2529 4656 speciebus
2558 4589 2813 4656 semper

213 4684 570 4748 clathratae
589 4731 606 4765 ,
657 4681 1156 4766 asplenioideae‚
1192 4679 1307 4744 sed
1336 4682 1402 4742 in
1434 4680 1976 4764 Gymnogrammis
2007 4679 2177 4743 veris
2207 4696 2459 4761 semper
2487 4683 2820 4759 cystopte-

212 4786 468 4851 roideae
498 4788 935 4882 inveniuntur.
1042 4787 1051 4796 “
1369 4872 1373 4877 ,

351 4903 398 4945 1
408 4904 426 4946 i
437 4904 456 4946 1
467 4903 497 4946 d
505 4914 529 4946 e
544 4934 556 4956 ,
590 4904 772 4949 Filices.
2364 4903 2394 4949 7
