3450 5367
1338 328 1702 402 Salagineua.
2688 293 2816 386 259

228 498 612 580 plerumque
662 498 697 558 4
741 495 1194 577 macrosporis,
1263 494 1387 556 alia
1446 492 1978 575 microsporangia
2020 490 2425 575 microsporis
2467 498 2822 559 numerosis

229 600 515 683 impleta.
576 598 813 678 Sporae
845 617 1061 662 omnes
1092 598 1267 661 striis
1301 596 1507 660 tribus
1538 604 1808 659 notatae.

270 718 281 727 ·
405 705 455 765 Ε
497 702 713 784 parvis
759 701 1038 783 cellulis,
1088 719 1251 783 quae
1294 701 1361 762 in
1406 700 1807 783 microsporis
1853 699 2233 780 gignuntur,
2282 698 2641 763 antheridia
2680 711 2742 765 et
2787 723 2822 766 e

232 806 653 886 macrosporis
685 804 1014 887 prothallia
1045 804 1433 885 archegoniis
1464 804 1773 866 instructa
1805 809 2243 896 procreantur.

408 907 657 973 Confer.
714 903 809 970 W.
835 904 1199 987 Hofmeister
1220 906 1570 987 Vergleich.
1602 905 1981 969 Untersuch.
2017 906 2244 968 Honor.
2276 903 2567 989 Kryptog.
2604 905 2812 993 (4854)

230 1033 297 1094 p.
339 1013 486 1074 424.
521 1044 605 1057 -
638 1009 951 1074 Menenius
982 1011 1168 1073 Beitr.
1206 1030 1259 1072 z.
1296 1010 1578 1072 Botanik.
1629 1008 1773 1071 Heft
1802 1010 1850 1071 I.
1887 1028 1952 1090 p.
1996 1008 2096 1071 40.

410 1114 621 1180 Caulis
653 1113 954 1177 fasciculo
987 1132 1281 1177 vasorum
1317 1112 1583 1176 centrali
1614 1112 1660 1175 l.
1698 1111 1952 1175 duobus
1983 1110 2188 1173 rarius
2219 1110 2654 1193 compluribus
2686 1114 2822 1179 dis-

232 1219 426 1281 cretis
459 1219 810 1280 instructus
842 1225 979 1301 est..

409 1321 635 1386 Caules
688 1327 923 1382 teretes
985 1319 1029 1380 l.
1085 1319 1430 1401 compressi
1489 1319 1532 1382 l.
1586 1320 1898 1402 ancipites
1942 1317 1985 1379 l.
2036 1316 2455 1400 inaequaliter
2512 1322 2816 1406 angulati,

234 1424 515 1488 continui
547 1431 660 1486 aut
690 1420 772 1486 ad
804 1440 1121 1484 ramorum
1152 1423 1450 1504 originem
1486 1423 1812 1486 constricti
1845 1432 2015 1486 sunt.

404 1543 593 1627 Apud
624 1543 1031 1626 Selaginellas
1078 1545 1408 1607 continuas
1456 1543 1778 1607 radiculae
1823 1543 2119 1606 axillares
2164 1552 2332 1605 retro
2378 1555 2729 1608 curvantur
2758 1556 2824 1609 et

236 1650 496 1712 dorsum
529 1647 787 1729 plantae
818 1654 1167 1728 occupant3
1217 1647 1335 1709 hae
1382 1645 1701 1709 radiculae
1748 1647 2027 1728 posticae
2057 1656 2238 1724 sunt;
2276 1656 2340 1708 at
2368 1645 2541 1729 apud
2571 1648 2818 1730 Selagi-
2856 1681 2861 1690 ·

233 1751 437 1815 nellas
469 1750 837 1814 articulatas
868 1749 1189 1814 radiculae
1210 1750 1737 1813 extra-axillares
1760 1746 2027 1828 adsunt,
2065 1767 2228 1830 quae
2253 1757 2541 1813 ventrem
2564 1752 2824 1834 planta'e

234 1862 579 1938 occupant;
615 1873 781 1937 quae
813 1852 1132 1917 radiculae
1163 1854 1409 1917 anticae
1439 1853 1866 1936 appellantur.

409 1974 626 2037 Caulcs
656 1984 720 2036 et
751 1977 908 2038 rami
934 1975 1310 2058 pleurotropi
1336 1972 1700 2056 appellandi
1732 1981 1915 2053 sunt,
1965 1973 2019 2035 si
2050 1973 2250 2037 latera
2282 1974 2480 2038 caulis
2510 1979 2819 2059 tetragoni

240 2079 621 2141 verticaliter
651 2087 715 2140 et
745 2078 937 2142 facies
969 2079 1278 2143 ventralis
1324 2087 1388 2139 et
1430 2077 1700 2141 dorsalis
1748 2077 2217 2140 horizontaliter
2262 2079 2464 2159 posita
2497 2088 2673 2141 sunt.
2752 2082 2819 2143 In

234 2183 335 2243 his
366 2180 656 2259 caulibus
686 2189 750 2243 et
783 2182 971 2244 ramis
1003 2199 1074 2242 ea
1108 2180 1298 2244 facies
1318 2226 1336 2259 ‚
1383 2200 1545 2263 quae
1578 2191 1783 2244 terrae
1812 2180 2467 2261 incumbitposterior
2502 2181 2812 2267 (dorsalis)

234 2297 298 2349 et
329 2286 520 2348 facies
564 2286 849 2365 opposita
896 2285 1169 2346 anterior
1205 2282 1551 2369 (ventralis)
1592 2281 1970 2366 appellanda
2012 2293 2144 2362 est3
2196 2283 2389 2347 facies
2434 2287 2826 2349 verticaliter

235 2391 475 2470 positae
506 2387 807 2450 dicuntur
838 2387 1154 2484 laterales.

410 2510 631 2571 Gaulos
661 2517 725 2571 et
758 2510 912 2571 rami
942 2509 1280 2591 yoniotropi
1307 2505 1571 2589 adsunt,
1625 2509 1678 2571 si
1724 2508 1918 2571 facies
1952 2508 2237 2570 caulinae
2268 2515 2539 2589 quatuor
2569 2507 2822 2592 oblique

233 2614 474 2695 positae
528 2621 709 2692 sunt,
769 2621 842 2673 ut
893 2609 1019 2673 duo
1071 2610 1262 2674 facies
1314 2611 1717 2692 divergentes
1761 2612 2108 2674 anteriores
2148 2619 2213 2692 et
2263 2608 2388 2674 duo
2440 2613 2822 2693 posteriores

237 2714 473 2778 adsint.
562 2715 771 2777 Sectio
828 2715 1273 2777 transversalis
1332 2715 1530 2777 caulis
1589 2716 1976 2798 pleurotropi
2049 2712 2397 2796 quadrata,
2472 2716 2823 2799 goniotropi

195 2899 200 2904 ἢ
239 2815 536 2881 rhombea
570 2825 693 2879 est.
765 2832 774 2838 ’

405 2921 571 2983 Folia
606 2919 893 2984 lateralia
913 2919 1150 3002 postica
1172 2918 1578 3000 appellantur
1595 2967 1611 2999 ,
1649 2938 1812 3002 quae
1843 2920 2117 2986 medium
2143 2923 2384 2985 caulem
2409 2923 2822 3002 posteriorem

236 3032 547 3103 occupant
566 3070 582 3102 ,
620 3020 771 3087 dum
803 3022 959 3085 folia
981 3024 1183 3086 antica
1218 3024 1281 3084 in
1313 3023 1492 3085 caule
1522 3026 1731 3086 medio
1756 3026 2072 3087 anteriore
2098 3023 2358 3102 sedent3
2396 3024 2538 3087 folia
2561 3027 2826 3108 sasnedra

236 3131 301 3190 in
345 3128 588 3209 angulis
639 3125 843 3189 caulis
886 3123 1340 3208 quadranguli,
1392 3126 1708 3191 cathedra‘
1744 3130 1809 3191 in
1855 3129 2141 3192 faciebus
2185 3129 2383 3192 caulis
2424 3128 2668 3194 sessilia
2714 3132 2824 3191 in-

240 3231 607 3293 veniuntur.

403 3344 517 3414 30.
557 3346 904 3430 §elugi-ella
946 3348 1173 3432 Sprinq
1215 3349 1297 3412 in
1344 3351 1571 3413 Flora
1611 3348 1822 3435 (4838)
1866 3352 1928 3412 l.
1966 3370 2033 3432 p.
2073 3353 2220 3415 448.

390 3469 942 3556 -Macrosporangia
986 3478 1052 3532 et
1092 3470 1624 3551 microsporangia
1671 3473 1738 3533 in
1801 3468 2023 3555 eadem
2072 3471 2247 3553 spica
2295 3470 2614 3552 sedentia3
2669 3472 2825 3534 haec

239 3572 700 3651 numerosiora,
763 3580 1125 3635 transverse
1166 3571 1593 3654 dehiscentia,
1657 3573 1761 3634 illa
1819 3574 2051 3635 rariora
2095 3574 2139 3635 l.
2164 3574 2471 3638 -solitaria
2512 3573 2596 3637 ad
2637 3575 2821 3638 basin

237 3677 469 3756 spicae,
508 3675 644 3735 3--
666 3675 701 3735 4
735 3692 941 3736 cocca.

414 3778 651 3857 Sporae
683 3778 854 3840 striis
885 3776 1091 3840 tribus
1124 3786 1401 3841 notatae.

409 3876 507 3940 Ad
554 3878 737 3941 basin
783 3890 847 3942 et
891 3880 1179 3944 foliorum
1225 3882 1533 3944 sterilium
1578 3891 1642 3944 et
1684 3880 1985 3943 tortilium
2018 3898 2320 3961 organum
2367 3883 2816 3961 accessorium,

235 3982 419 4065 quasi
459 3982 694 4081 stipula
740 3983 1056 4063 axillaris,
1119 4004 1154 4046 e
1196 3986 1438 4048 cellulis
1495 3985 1915 4066 compositum
1972 3983 2368 4048 observatur.
2455 3985 2552 4062 (K.
2602 3985 2826 4049 Mia‘ller

235 4090 304 4148 in
337 4087 470 4148 Bot.
506 4087 635 4165 Ztg.
677 4086 727 4165 [4
746 4087 893 4166 846]
927 4106 993 4168 p.
1034 4085 1208 4169 543.)

412 4203 665 4270 Confer.
743 4206 1057 4270 Menenius
1100 4207 1320 4269 Filices
1361 4207 1522 4270 horti
1568 4207 1737 4288 LipS.
1783 4204 1829 4288 (4
1847 4205 1994 4290 856)
2045 4225 2109 4287 p.
2167 4207 2313 4270 422.
2361 4242 2451 4256 --·
2489 4203 2565 4270 A.
2603 4199 2822 4272 Bromi

233 4305 436 4373 Index
481 4308 717 4372 Semin.
766 4310 926 4371 hort.
973 4306 1106 4370 bot.
1144 4310 1339 4372 Berol.
1391 4310 1436 4394 (4
1453 4309 1626 4394 857).
1705 4308 2041 4391 Appendix
2086 4329 2153 4392 p.
2193 4310 2295 4373 44.
2342 4348 2428 4360 -
2471 4310 2646 4374 Idem
2677 4313 2720 4374 l.
2758 4332 2813 4376 c.

245 4408 458 4496 (4859)
500 4431 563 4492 p.
601 4411 701 4474 24.
739 4446 813 4457 -
850 4409 1019 4474 Idem
1052 4412 1113 4473 in
1147 4411 1374 4475 Annal.
1409 4415 1640 4477 scienc.
1678 4421 1810 4476 nat.
1851 4415 1912 4476 5.
1951 4432 2074 4477 ser.
2114 4415 2184 4475 T.
2221 4414 2318 4475 111.
2358 4416 2416 4476 ὃ.
2453 4415 2698 4480 Cahier.
2741 4449 2815 4464 —

231 4514 409 4577 Idem
451 4516 517 4576 i‘n
563 4515 942 4584 Monatsber.
998 4515 1128 4597 Kgl.
1165 4512 1369 4579 Akad.
1410 4517 1848 4580 Wissenschft.
1887 4538 1942 4579 z.
1977 4516 2208 4579 Berlin.
2265 4513 2373 4580 27.
2407 4514 2587 4598 April
2622 4520 2813 4581 4865.

234 4652 323 4666 —-
347 4616 713 4700 Hofmeister
743 4620 810 4681 in
834 4618 1113 4700 Pringsh.
1142 4618 1361 4682 Jahrb.
1390 4620 1836 4684 wissenschltl.
1856 4623 2002 4683 «θοι.
2038 4621 2136 4682 ΙΠ.
2167 4618 2278 4682 Bd.
2327 4617 2536 4700 (4863)
2567 4640 2630 4701 p.
2664 4621 2776 4683 294
2801 4631 2833 4683 .“

239 4755 320 4768 —-
372 4721 600 4804 Sprinq
645 4722 710 4786 in
751 4722 1186 4805 Monographia
1249 4721 1664 4802 Selaginellae
1706 4733 1830 4787 etc.
1881 4726 1942 4786 in
1991 4727 2168 4786 Mem.
2219 4720 2415 4785 Acad.
2466 4723 2699 4805 Royale
2741 4724 2823 4786 de
2910 4761 2915 4768 ·

234 4826 485 4888 Scienc.
525 4822 603 4888 de
636 4824 953 4908 Belgique.
1004 4828 1195 4889 Tome
1230 4826 1310 4889 24
1353 4824 1399 4910 (4
1418 4826 1614 4904 850).-

599 4949 603 4954 ·
2297 4944 2407 4996 17*
