3450 5367
506 271 513 276 -
640 246 767 308 240
1718 251 2158 326 Equisetaceae.

810 418 979 484 nab.
1041 418 1111 480 In
1140 417 1321 480 silvis
1354 418 1671 480 montanis
1703 417 2051 499 paludosis,
2090 420 2243 483 locis
2273 414 2556 480 humidis
2587 427 2652 480 et
2679 417 3028 496 sabulosis,
3057 418 3237 498 juxta

642 526 844 599 rivos,
896 522 963 584 in
992 519 1218 584 insulis
1250 528 1315 582 et
1346 521 1668 584 montibus
1713 540 1917 604 usque
1947 521 2029 585 ad
2064 518 2277 585 8000'.
2345 522 2394 583 E
2426 521 2751 584 montibus
2782 520 3139 601 Himalayae
3174 529 3241 582 et

641 626 983 708 nilagiricis
1015 624 1080 686 in
1113 624 1350 687 insulas
1382 623 1741 704 Ceylaniam
1762 670 1778 702 ,
1824 626 2080 702 Javam,
2132 625 2374 700 Timor,
2413 626 2478 687 in
2506 625 2833 706 Japoniam
2854 672 2869 701 ,
2906 625 2975 685 in
3005 624 3240 685 Novam

644 730 987 808 Guineam,
1038 727 1102 788 in
1142 726 1385 789 insulas
1416 727 1728 798 Vitienses
1767 725 1963 809 (Fidjt)
1984 773 2002 808 ,
2055 727 2265 791 Novae
2299 725 2675 792 Caledoniae
2719 733 2785 788 et
2813 727 2968 788 Nov.
3006 726 3242 788 Hebri-

644 833 869 897 darum
901 827 1332 912 progrediens.

815 935 1072 1016 Species
1115 932 1380 1011 eximia,
1431 951 1815 1014 quamquam
1844 934 1917 995 E.
1971 934 2397 996 ramosissimo
2439 932 2649 996 affinis
2689 939 2903 993 tamen
2945 950 2980 994 a
3027 931 3244 993 formis

641 1038 900 1121 tropicis
931 1037 1070 1116 ejus
1099 1035 1306 1098 statim
1352 1035 1640 1098 seriebus
1670 1045 2010 1098 stornatum
2041 1037 2409 1098 unilineatis
2441 1032 2687 1112 differt,
2724 1052 2887 1115 quae
2918 1035 2983 1095 in
3019 1036 3089 1096 E.
3127 1054 3242 1096 ra-

638 1141 994 1204 mosissimo
1018 1140 1261 1219 tropico
1284 1156 1538 1220 semper
1561 1139 1625 1200 bi
1644 1171 1722 1184 —
1746 1139 2203 1202 multilineatae
2232 1140 2667 1216 inveniuntur,
2709 1146 3035 1218 praeterea
3060 1137 3241 1218 vagi-

638 1247 738 1307 nis
770 1243 1110 1322 brevibus,
1164 1242 1356 1304 ramis
1384 1239 1467 1303 ad
1499 1260 1817 1304 summum
1842 1244 2172 1325 quaternis
2216 1260 2540 1322 nunquam
2581 1243 2655 1303 ⁴0
2700 1248 2764 1302 et
2807 1238 3239 1320 compluribus

639 1347 984 1410 verticillos
1009 1343 1420 1407 formantibus
1442 1362 1457 1420 ;
1488 1345 1643 1405 rami
1668 1342 1945 1427 denique
1971 1347 2346 1426 plerumque
2370 1345 2526 1406 8-4
2546 1343 3091 1424 0-48-anguliin
3121 1362 3242 1403 ve-

641 1453 936 1528 niuntur,
985 1449 1060 1510 E.
1098 1446 1504 1510 ramosissimi
1536 1445 1617 1509 ad
1650 1466 1970 1510 summum
2014 1448 2338 1528 9-anguli.
2403 1449 2652 1509 Lacuna
2705 1446 3003 1508 centralis
3050 1446 3242 1507 multo

639 1553 911 1635 amplior
938 1568 1131 1634 quam
1165 1550 1227 1610 in
1264 1550 1332 1610 E.
1372 1554 1834 1631 ramosissimo,
1873 1553 2087 1632 itaque
2118 1550 2315 1613 caulis
2347 1548 2689 1612 admodum
2723 1547 2970 1627 debilis,
3011 1567 3241 1630 quam-

641 1675 829 1739 quam
865 1656 944 1717 ⁴0
978 1651 1252 1737 pedibus
1280 1654 1469 1716 altior
1497 1656 1736 1718 existit.

809 1759 985 1820 Rami
1016 1774 1187 1818 nunc
1216 1756 1464 1820 steriles
1496 1777 1664 1820 nunc
1682 1751 1983 1840 spiciferi,
2021 1772 2212 1836 saepe
2253 1754 2513 1817 ramulis
2550 1752 2947 1817 secundariis
2985 1753 3236 1828 vestiti;

637 1858 958 1925 interdum
991 1860 1188 1923 caulis
1220 1861 1430 1923 tenuis
1472 1863 1825 1943 8-angulus
1873 1863 2065 1924 ramis
2112 1857 2288 1938 vagis
2322 1858 2626 1935 vestitus,
2677 1856 3004 1920 interdum.
3031 1865 3242 1917 autem

639 1966 836 2027 caulis
871 1964 1435 2046 lo—-ffi-angulus
1466 1966 1719 2028 omnino
1751 1966 1943 2027 ramis
1974 1963 2319 2026 destitutus
2341 1960 2572 2022 existit.

811 2068 1037 2150 Spicae
1067 2068 1281 2148 nigrae
1314 2086 1563 2130 crassae
1602 2068 1932 2151 oblongae.

811 2169 870 2252 b)
909 2170 1216 2251 Equiseta
1238 2171 1599 2235 mexicans.

809 2272 1067 2336 Plantae
1099 2291 1399 2353 procerae
1430 2274 1730 2336 robustae
1763 2272 1955 2334 ramis
1985 2269 2185 2334 dense
2229 2268 2625 2331 verticillatis
2669 2267 3043 2328 instructae.
3113 2266 3247 2328 Ca·-

643 2363 818 2438 rinae
863 2375 1139 2439 caulium
1171 2396 1523 2454 convexae;
1577 2395 1894 2439 ramorum
1928 2374 2179 2436 carinae
2212 2373 2394 2435 lineis
2428 2369 2632 2433 tribus
2663 2369 3038 2431 cellularum
3069 2367 3245 2429 den-—

638 2478 1432 2566 tisormi-promipnentibus
1456 2479 1825 2542 instructae.
1887 2479 2241 2540 Stomatum
2276 2482 2564 2557 cryptop.
2601 2474 2796 2536 series
2827 2472 3244 2533 unilineatae.

640 2581 825 2644 Liber
855 2582 1146 2646 carinalis
1176 2591 1239 2646 et
1272 2582 1666 2646 vallecularis
1698 2581 1988 2662 oblongi,
2029 2580 2227 2658 vasti,
2267 2580 2397 2641 fere
2425 2595 2629 2660 aeque
2661 2576 2850 2657 longi.

1608 2753 1945 2835 Species
1979 2752 2255 2812 18-49,

810 2876 914 2937 18.
959 2873 1035 2939 B.
1073 2873 1577 2951 myrioehaetum
1608 2869 1720 2938 Ad.
1759 2871 1830 2935 de
1866 2872 2080 2935 Oltam.
2119 2879 2183 2932 et
2214 2868 2285 2932 de
2318 2867 2483 2932 scm.
2521 2868 2602 2929 in
2633 2867 2823 2928 Linn
2846 2882 2979 2925 aea
3014 2864 3088 2923 V.
3130 2860 3242 2923 Bd.

642 2979 806 3040 ⁴830
840 2996 906 3058 p.
945 2979 1307 3040 623-624.

810 3085 963 3159 Syn.
1030 3081 1102 3142 E.
1144 3079 1640 3144 ramosissimum
1681 3079 1777 3141 W.
1813 3074 2159 3156 Schaffner,
2210 3075 2300 3137 Pl.
2338 3074 2565 3136 mexic.
2599 3074 2716 3142 No.
2755 3073 2901 3134 3⁴2.

814 3182 1022 3246 Gauiis
1044 3185 1299 3246 carinae
1330 3184 1585 3245 30—38
1615 3180 2092 3258 scabriusculae,
2134 3177 2481 3240 valleculae
2514 3175 2793 3253 latioreS,
2831 3174 3105 3255 vaqinae
3140 3190 3251 3254 cy-

637 3284 929 3348 lindricae
959 3288 1234 3368 marqine
1260 3286 1616 3368 plerumque
1647 3292 1925 3347 truncato
1958 3289 2261 3359 arcuatae,
2297 3279 2505 3362 foliola
2535 3280 2899 3362 vaqinarum
2942 3276 3081 3337 fere
3116 3295 3256 3337 om-

635 3389 776 3449 nino
802 3389 993 3469 plana
1021 3392 1200 3471 apice
1230 3390 1454 3451 leviter
1482 3407 1752 3451 concava
1789 3388 2004 3468 ibique
2037 3385 2409 3465 plerumque
2439 3381 2790 3444 tuberculis
2823 3382 3045 3460 parvis
3081 3378 3255 3441 den-

637 3489 887 3553 sissime
939 3491 1186 3554 obtecta
1241 3492 1411 3554 lineis
1463 3490 1910 3554 tuberculorum
1959 3486 2402 3571 marqinalibus
2451 3483 2706 3567 sinqulis
2750 3485 2989 3547 vestita.
3079 3483 3258 3545 Rami

637 3593 817 3659 dense
835 3591 1189 3658 verticillati
1216 3595 1533 3676 7-anguli‚
1571 3595 1823 3657 carinae
1846 3596 2127 3657 scabrae.
2179 3589 2446 3671 Vayinae
2466 3604 2782 3649 ramorum
2799 3586 3128 3668 elonyatae
3153 3604 3256 3648 ore

635 3701 989 3781 ampliatae,
1021 3699 1223 3761 foliola
1245 3699 1642 3775 tricarinata3
1670 3695 1892 3758 dentes
1925 3694 2257 3758 lanceolati
2280 3692 2418 3756 basi
2446 3692 2669 3754 leviter
2685 3690 3043 3752 tricarinati
3066 3698 3258 3751 atro-

634 3802 796 3867 fusoi
829 3803 1348 3885 albo-marginati
1383 3802 1559 3882 apice
1589 3800 1889 3864 truncati.

809 3905 1231 3988 Epidermidis
1276 3905 1490 3967 lumen
1538 3911 1914 3984 angustum,
1968 3908 2286 3967 stornatum
2328 3905 2593 3981 cryptop.
2631 3896 2821 3960 series
2863 3895 3264 3971 unilt'neatae

639 4013 719 4072 46
754 4010 1121 4071 cellularum
1153 4007 1440 4072 seriebus
1468 4007 1880 4088 interpositis,
1916 4005 2258 4068 valleculae
2287 4002 2509 4065 rosulis
2539 4001 2774 4083 sparsis
2803 4008 2861 4062 et
2888 4000 3258 4078 serialibus,

637 4114 888 4176 carinae
933 4113 1131 4175 caulis
1167 4111 1374 4192 fasciis
1430 4109 1967 4174 transversalibus
2017 4109 2317 4185 vestitae,
2378 4104 2539 4166 liber
2582 4104 2882 4166 carinalis
2928 4100 3266 4184 oblongus

634 4216 999 4280 valleculari
1045 4215 1152 4276 vix
1180 4212 1385 4296 duplo
1404 4215 1620 4293 altior,
1676 4212 1928 4277 22-26
1962 4211 2222 4273 cellulas
2254 4210 2453 4287 altuS,
2504 4208 2728 4270 lacuna
2762 4207 3076 4271 centralis
3115 4203 3271 4270 am-

636 4321 957 4405 plissima,
1011 4318 1262 4382 carinae
1308 4337 1620 4380 ramorum
1665 4314 1934 4381 seriebus
1980 4314 2176 4376 tribus
2209 4310 2590 4376 cellularumx
2608 4310 3269 4394 dentiformi-promi-

634 4424 949 4502 uentibus,
985 4423 1318 4487 valleculae
1346 4422 1565 4485 rosulis
1593 4420 1922 4484 serialibus
1950 4418 2220 4481 vestitae.

804 4525 986 4588 Icon.
1051 4525 1231 4589 Milde
1260 4529 1534 4605 Monogr.
1572 4525 1791 4605 Equis.
1831 4525 1899 4584 T.
1940 4521 2043 4584 27.

800 4628 973 4692 ruah.
1023 4630 1092 4691 ln
1125 4630 1432 4693 silvaticis
1454 4625 1733 4691 humidis
1759 4625 2080 4688 Misantlae
2112 4642 2285 4706 regn.
2317 4620 2539 4688 Mexic.
2585 4616 2875 4704 (Schiede)
2905 4637 2919 4696 ;
2957 4618 3272 4683 Cordova

649 4731 875 4817 (Tierra
910 4730 1196 4815 saliente)
1238 4749 1413 4812 regn.
1453 4730 1679 4791 mexic.
1726 4726 2117 4811 (Schaffner).
