3450 5367
585 242 626 305 2
638 241 722 308 98
1755 238 2025 296 Salvinla.

750 411 900 474 Folii
932 407 1340 489 multipartiti
1369 403 1646 486 aquatici
1680 404 1942 468 laciniae
1974 401 2410 466 radioirormes
2443 418 2557 482 per
2596 407 2795 461 totam
2836 396 3195 480 longitudi-

579 535 723 579 nem
758 513 957 576 dense
986 511 1251 592 pilosae,
1289 503 1499 572 2-3''
1532 505 1779 588 longae,
1817 507 2112 570 fasciculo
2136 504 2421 584 centrali,
2458 513 2532 567 ut
2553 503 2776 578 caulis,
2820 498 3103 583 gaudent
3133 511 3194 563 et

579 619 808 682 cellula
841 614 1160 678 terminali
1190 613 1586 692 elongantur.
2439 594 2446 601 ’

751 718 927 782 Folia
957 727 1143 780 aerea
1184 713 1441 796 papillis
1483 711 1824 775 serialibus
1872 713 2137 791 vestita,
2188 710 2462 793 papillae
2494 710 2660 771 3-4
2695 709 2852 771 setis
2885 706 3193 769 brevibus

580 826 954 887 instructae.
1020 815 1381 899 Epidermis
1412 833 1448 876 e
1479 813 1721 878 cellulis
1755 814 2194 896 subglobosis,
2245 809 2677 893 chlorophyllo
2723 809 3012 872 infarctis
3058 808 3194 871 for-—

583 934 787 1002 mata,
837 925 1008 985 inter
1047 939 1207 1003 quas
1239 921 1534 983 immersa
1567 927 1632 981 et
1661 915 1915 981 condita
1961 924 2229 980 stomata
2263 915 2567 978 normalia
2602 914 2928 976 concolora
2965 912 3194 973 obser-

583 1023 790 1093 vanda
823 1033 995 1089 sunt.
2894 1075 2897 1078 ,

750 1128 1172 1208 Parenchyma
1218 1145 1254 1187 e
1296 1125 1546 1188 cellulis
1575 1121 1878 1186 flexuosis
1922 1123 2381 1202 compositum,
2436 1120 2606 1184 inter
2648 1137 2809 1200 quas
2854 1119 3196 1181 nonnullae

583 1230 919 1296 verticales
973 1229 1242 1292 cellulae
1286 1225 1521 1306 ductus
1574 1227 1934 1306 hexagonos
1985 1235 2206 1286 aereos
2258 1224 2756 1305 amplectuntur.
2834 1222 3197 1305 Fasciculus

581 1334 924 1418 primarius
986 1330 1257 1394 mediam
1333 1331 1625 1412 paginam
1683 1346 2064 1409 percurrens
2125 1328 2417 1409 utrinque
2479 1344 2709 1388 nervos
2782 1323 3196 1387 secundarios

582 1444 1128 1501 anastomosantes
1173 1432 1453 1496 turcatos
1496 1433 1751 1495 emittit.
1828 1429 2187 1513 Epidermis
2217 1431 2482 1512 paginae
2526 1428 2843 1491 inferioris
2875 1428 3109 1510 pilosa,
3160 1446 3198 1489 e

580 1540 826 1604 cellulis
856 1537 1157 1603 flexuosis
1189 1536 1560 1617 composita.

758 1639 1220 1721 conceptacula
1269 1658 1348 1700 ex
1379 1638 1749 1701 membrana
1791 1637 2099 1700 eoeteriore
2143 1636 2341 1716 pilosa
2376 1647 2440 1699 et
2485 1638 2772 1701 interiore
2818 1633 3201 1698 stomatibus

579 1748 890 1808 instructa
913 1742 1290 1806 formantur.
1349 1742 1519 1804 Sulci
1543 1741 1712 1804 illius
1745 1739 2222 1822 dissepimentis
2252 1742 2329 1804 ⁴2
2360 1759 2505 1803 cum
2538 1744 2657 1804 hac
2687 1743 3198 1820 conjunguntur3

581 1846 754 1911 unde
789 1848 865 1908 ⁴2
899 1846 1132 1909 ductus
1175 1847 1370 1908 aerei.
1435 1843 1925 1926 Receptaculum
1957 1844 2236 1906 centrale
2267 1843 2498 1923 breve,
2548 1843 2688 1905 basi
2731 1845 3102 1924 angustiore
3133 1842 3200 1901 in

583 1949 1033 2030 conceptaculo
1065 1949 1286 2012 sessile
1307 2003 1324 2029 ,
1371 1950 1552 2029 apice
1582 1941 1712 2009 la‘to
1744 1942 2084 2008 rotundato
2114 1943 2411 2025 liberum,
2450 1947 2514 2006 in
2548 1944 3021 2026 conceptaculis
3055 1961 3199 2004 ma-

582 2052 1051 2134 crosporangiis
1094 2052 1354 2135 repletis
1399 2051 1699 2130 brevius,
1753 2048 1978 2110 inillis
2023 2049 2575 2130 microsporangiis
2620 2049 2884 2130 repletis
2917 2048 3194 2127 longiuS,

582 2157 954 2237 angustius,
1010 2164 1076 2216 at
1119 2172 1373 2235 semper
1418 2152 1867 2235 conceptaculo
1911 2153 2049 2233 ipso
2096 2153 2294 2214 multo
2323 2151 2608 2215 breviuS.
2676 2151 3205 2231 Macrosporangii

584 2255 987 2339 pedunculus
1035 2255 1288 2333 brevis,
1338 2256 1539 2334 latus,
1587 2275 1622 2318 e
1653 2254 2093 2336 compluribus
2125 2255 2415 2317 seriebus
2448 2254 2818 2318 cellularum
2851 2254 3198 2337 formatus:

587 2376 1023 2441 macrosporae
1068 2359 1467 2440 exosporium
1511 2356 2209 2440 pseudo—cellulosum,
2260 2357 2712 2438 endosporium
2745 2376 2781 2418 e
2813 2356 3206 2419 membranis

585 2462 837 2528 duobus
867 2462 1311 2544 compositum.
1376 2461 1795 2544 Exosporium
1829 2462 2009 2542 apice
2049 2477 2489 2540 macrosporae
2533 2461 2598 2520 in
2631 2467 2762 2523 tres
2796 2458 2974 2521 lobos
3006 2458 3207 2521 obtu-

583 2586 689 2631 sos
723 2565 1051 2643 dividitur,
1090 2583 1217 2645 quo
1247 2564 1383 2627 loco
1413 2565 1794 2647 proembryo
1826 2564 2127 2645 erumpit.

758 2669 1284 2751 Mt’crosporanyia
1337 2667 1618 2749 gaudent
1669 2666 2034 2751 pedunculo
2085 2665 2396 2746 longiore,
2463 2684 2543 2727 ex
2591 2667 2778 2727 unica
2831 2665 3199 2728 cellularum

585 2774 750 2836 serie
795 2772 1097 2849 formato,
1147 2773 1549 2852 exosporium
1596 2790 1632 2832 e
1665 2771 1909 2852 magnis
1952 2768 2196 2831 cellulis
2229 2769 2679 2848 compositum,
2717 2768 2895 2830 intus
2941 2767 3199 2829 cellulae

589 2893 962 2938 numerosae
1007 2875 1499 2955 conglutinatae.
1576 2873 1875 2953 Singulae
1928 2872 2194 2935 cellulae
2250 2873 2314 2933 in
2366 2871 2713 2932 utriculum
2766 2871 3198 2933 bicellularem

586 2979 1003 3060 elongantur-3
1065 2976 1288 3039 cellula
1333 2976 1624 3056 superior
1670 2982 1770 3037 est
1812 2973 2245 3038 antheridium.
2324 2974 2568 3035 Pariete
2610 2972 2866 3055 obliquo
2911 2974 3204 3046 antheri-

585 3079 764 3143 dium
812 3081 875 3141 in
923 3078 1183 3142 cellulas
1227 3079 1265 3140 2
1309 3075 1657 3154 dividitur;
1717 3078 1782 3138 in
1829 3078 1928 3140 his
1973 3078 2218 3141 cellulis
2269 3084 2700 3158 spermatozoa
2750 3077 3102 3158 gignuntur
3145 3088 3206 3138 et

586 3184 975 3248 dehiscentia
1000 3182 1268 3263 legitima
1292 3182 1673 3243 emittuntur
1701 3177 1782 3243 ad
1814 3181 2189 3261 archegonia
2226 3179 2707 3262 proembryonis
2738 3178 3201 3243 foecundanda.

760 3286 849 3347 De
879 3285 1443 3365 Rhizocarpearum
1477 3292 1798 3347 structura
1832 3291 1896 3345 et
1927 3283 2383 3365 germinatione
2414 3279 2662 3343 confer:
2705 3283 2893 3345 ⁴828.
2943 3279 3227 3358 Bischoff

590 3391 809 3471 Crypt.
859 3389 1033 3451 Gew.
1085 3421 1165 3433 —
1221 3388 1409 3451 4834.
1470 3386 1627 3451 Savi
1667 3388 1733 3448 in
1773 3387 1977 3448 Nuov.
2028 3387 2233 3467 giorn.
2288 3385 2561 3448 letterali
2608 3386 2767 3447 Pisa.
2820 3388 2891 3446 T.
2938 3385 3203 3449 XXVIII.

586 3511 650 3572 p.
689 3494 794 3553 64.
833 3525 914 3536 -
953 3493 1143 3553 4839.
1200 3487 1274 3553 Α.
1312 3492 1526 3554 Braun
1553 3492 1616 3551 in
1641 3491 1794 3571 Reg.
1828 3489 2025 3552 Flora.
2064 3508 2128 3569 p.
2167 3487 2317 3552 297.
2352 3522 2441 3536 —-
2476 3490 2664 3552 4840.
2713 3490 2788 3550 K.
2820 3487 3037 3549 Miiller
3069 3487 3110 3548 l.
3148 3506 3206 3549 c.

585 3614 648 3675 p.
690 3596 837 3657 545.
877 3628 954 3640 —
1004 3594 1192 3655 4846.
1240 3594 1556 3657 Menenius
1585 3595 1776 3656 Beitr.
1817 3596 2086 3656 Kenntn.
2122 3593 2370 3655 Rhizoc.
2406 3626 2492 3639 —
2542 3592 2730 3652 ⁴850.
2779 3586 2871 3651 ld.
2922 3592 3112 3651 Beitr.
3151 3610 3207 3650 z.

589 3697 763 3759 Botk.
814 3698 958 3759 Hel't
998 3700 1044 3760 1.
1097 3732 1175 3743 —
1228 3699 1417 3760 4854.
1468 3697 1830 3780 Hosmeister
1869 3696 2073 3778 Vergl.
2124 3697 2377 3759 Unters.
2424 3694 2573 3757 hob.
2626 3694 2843 3775 Crypt.
2879 3725 2964 3740 -
3013 3693 3207 3752 4863.

586 3799 959 3882 Prinqskeim
1005 3802 1069 3862 in
1112 3798 1331 3863 Jahrb.
1381 3801 1557 3863 wiss.
1608 3803 1742 3863 Bot.
1793 3801 1890 3861 Ill.
1927 3798 2041 3861 Bd.
2102 3796 2454 3880 (Salvinia).
2504 3831 2581 3843 —
2641 3797 2832 3858 4863.
2880 3792 2953 3856 Α.
2991 3796 3216 3855 Bran-n

584 3902 965 3964 Monatsber.
1011 3903 1141 3983 Kgl.
1194 3899 1401 3965 Akad.
1446 3904 1638 3966 Wiss.
1686 3902 1916 3965 Berlin.
1981 3901 2279 3964 October.
2352 3899 2666 3982 (Marsilia.
2720 3897 3065 3976 Pilularia).
3127 3931 3207 3943 —

591 4004 777 4065 4865.
842 4004 1136 4067 Hanstein
1180 4005 1223 4066 l.
1273 4025 1331 4068 c.
1384 4006 1479 4070 lv.
1530 4004 1647 4069 Bd.
1685 4005 1829 4068 [left
1869 4006 1932 4065 2.
1990 4001 2332 4086 (Marsilia).
2379 4036 2467 4048 —-
2514 3999 2704 4063 4867.
2769 3998 3219 4082 Βτναεεὸανρω·

586 4102 674 4164 De
707 4105 1083 4168 stomatibus
1111 4097 1464 4189 SalviniaeJ
1515 4109 1926 4189 Selaginellae
1957 4117 2081 4170 etc.
2120 4108 2184 4169 in
2209 4104 2426 4169 Jahrb.
2448 4104 2494 4167 f.
2528 4102 2980 4168 wissenschftl.
3018 4103 3221 4165 Bota-

586 4204 718 4266 nik.
759 4208 948 4270 ⁴867.
985 4210 1059 4270 v.
1098 4211 1159 4271 3.
1193 4212 1252 4272 4.
1294 4193 1457 4274 nen.
1494 4231 1635 4294 pag.
1677 4214 1826 4276 305.
2468 4227 2475 4233 ·
2656 4193 2663 4199 ’
