3450 5367
617 280 700 344 26
1709 286 1846 361 Poly
1854 284 2114 357 podieae.

622 453 807 513 limae
851 460 1024 514 sunt.
1135 453 1337 524 Quam
1385 450 1542 512 levis
1597 453 1900 512 momenti
1954 450 2232 514 loveolae
2273 422 2425 512 ‘illae
2482 451 2548 511 in
2601 450 2826 530 pagina
2889 450 3215 529 superiore

621 554 947 616 varietatis
979 553 1432 619 acrostichoidis
1474 554 1625 632 sint,
1679 572 1761 618 ex
1790 549 1911 615 hoc
1939 550 2417 633 intelligendum
2450 560 2566 630 est,
2618 550 2788 633 quod
2820 570 2934 614 eae
2961 571 3216 633 quoque

621 658 686 718 in
717 658 1024 720 varietate
1052 658 1456 720 Brunoniana
1486 657 1856 736 saepissime
1888 653 2328 719 observandae
2356 663 2530 717 sunt.

708 796 769 856 3.
841 790 1260 856 Allosorus
1311 793 1764 856 sitchensis
1817 794 2010 875 Rupr.
2068 793 2257 854 Beitr.
2314 793 2416 853 III.
2476 811 2541 873 p.
2598 793 2673 854 47
2731 811 2982 875 quoque
3035 789 3213 855 cei-to

620 898 912 979 specifice
941 915 1067 960 non
1100 896 1311 959 differt
1341 897 1421 959 ab
1444 892 1518 957 Α.
1550 898 1791 977 crispo:
1835 899 2058 964 »Frons
2089 895 2586 977 subtripinnata,
2625 897 2928 976 pinnulae
2960 897 3215 959 steriles

619 1001 935 1081 minimae,
990 1000 1311 1062 tertiariae
1344 999 1584 1063 minute
1616 997 2062 1079 denticulatae,
2113 999 2310 1062 foveis
2341 999 2796 1082 marginalibus
2837 997 3207 1079 destitutae,

620 1103 857 1167 fertiles
903 1105 1183 1185 margine
1225 1121 1479 1184 semper
1521 1102 1584 1186 (ἢ)
1626 1103 1980 1184 involutae,
2032 1101 2483 1167 condensatae.
2565 1105 2779 1167 Sitcha
2838 1102 3213 1189 (Mercens).«

792 1255 807 1269 .
844 1208 887 1269 l.
924 1227 980 1270 c.

617 1209 963 1390 Mffvar.
1016 1325 1350 1391 Stelleri
1381 1328 1574 1408 Rupr.
1612 1325 1845 1388 Beitr.
1883 1329 1979 1389 III.
2024 1327 2267 1411 (4845.)
2321 1348 2385 1409 p.
2428 1326 2527 1389 47.
2568 1360 2644 1372 —
2694 1328 2896 1391 Moore
2939 1324 3075 1390 Ind.
3114 1328 3208 1390 fil.

621 1449 682 1510 p.
722 1432 824 1491 46.
863 1465 947 1478 -
990 1431 1214 1494 Ledeb.
1254 1431 1339 1491 Fl.
1376 1431 1552 1492 Ross.
1589 1449 1654 1510 p.
1694 1430 1842 1493 526.

789 1549 938 1629 Syn.
1020 1553 1091 1612 Α.
1128 1551 1412 1614 minutus
1448 1553 1662 1614 Turcz.
1701 1552 1791 1632 pl.
1831 1570 1967 1613 exs.
2013 1552 2282 1613 Trauttv.
2322 1551 2506 1632 imag.
2545 1552 2844 1615 F1.R0ss.
2884 1573 2945 1638 p.
2970 1555 3031 1615 9.
3068 1564 3114 1615 t.
3140 1556 3208 1613 3.

618 1662 685 1714 et
711 1653 930 1720 Bullet.
966 1653 1104 1714 Soc.
1142 1654 1369 1735 imper.
1407 1654 1686 1717 Natural.
1722 1657 1993 1718 Moscou.
2040 1654 2087 1738 (4
2107 1651 2279 1735 856.)
2320 1654 2425 1716 Nr.
2467 1656 2525 1716 4.
2563 1676 2704 1738 pag.
2745 1657 2849 1719 78.
2885 1691 2969 1702 —
3016 1658 3215 1717 Pteris

617 1758 859 1818 minuta
900 1759 1116 1842 Turcz.
1158 1766 1279 1820 cat.
1318 1758 1485 1820 Baic.
1523 1758 1680 1820 Dah.
1719 1759 1829 1820 No.
1854 1760 2018 1820 4346
2055 1757 2096 1819 f.
2129 1777 2181 1820 s.
2208 1778 2266 1820 o.
2295 1794 2378 1805 —-
2409 1760 2504 1822 Pt.
2546 1759 2797 1821 Stelleri
2831 1760 2989 1821 S.G.
3017 1759 3206 1820 Gmel.

615 1861 679 1921 in
725 1878 873 1922 nov.
914 1862 1264 1924 Comment.
1301 1863 1549 1941 Petrop.
1596 1863 1722 1923 XII.
1773 1881 1839 1944 p.
1881 1865 2027 1925 549.
2077 1897 2154 1908 -
2213 1862 2305 1923 Pt.
2357 1862 2606 1944 gracilis
2638 1862 2872 1926 Michoe.
2925 1861 3011 1922 Fl.
3062 1862 3209 1923 bor.

614 1959 824 2024 Amer.
859 1963 931 2024 11.
978 1960 1026 2044 (4
1044 1961 1217 2045 803.)
1259 1983 1324 2044 p.
1361 1965 1509 2028 262.
1562 1974 1624 2026 et
1663 1965 1865 2028 Willd.
1904 1967 2013 2045 Sp.
2051 1965 2138 2047 pl.
2174 1967 2247 2029 V.
2297 1962 2531 2047 (4840.)
2586 1984 2651 2046 p.
2692 1965 2837 2027 376.
2881 2000 2959 2010 --
3014 1964 3215 2028 Chei-

618 2066 862 2128 lanthes
914 2065 1122 2148 Kaulf.
1185 2067 1412 2127 Enum.
1473 2068 1561 2128 fil.
1627 2066 1871 2150 (4824.)
1933 2087 1997 2147 p.
2037 2069 2185 2130 209.
2245 2102 2331 2113 -
2393 2069 2903 2153 Cryptogramma
2960 2068 3215 2150 gracilis

531 2181 551 2195 ··
626 2171 846 2251 Torrey
879 2166 1004 2229 fide
1033 2170 1269 2231 Kunze.
2485 2195 2492 2205 ·

784 2290 963 2354 Icon.
1048 2288 1232 2351 Gmel.
1270 2288 1314 2350 l.
1353 2308 1410 2351 c.
1461 2297 1507 2350 t.
1544 2290 1674 2352 XII.
1725 2290 1769 2353 f.
1813 2292 1872 2353 4.
1912 2324 1988 2336 -—
2045 2293 2422 2384 Trautvetter
2452 2292 2495 2355 l.
2533 2313 2590 2356 c.
2642 2302 2689 2356 t.
2731 2296 2787 2355 3.

783 2409 950 2474 Hah.
1023 2411 1091 2471 In
1123 2410 1375 2493 alpibus
1405 2411 1878 2474 Baicalensibus
1911 2410 2407 2478 occidentalibus
2437 2433 2500 2477 v.
2535 2433 2627 2496 gr.
2666 2414 2909 2476 Nuchu.
2960 2414 3205 2495 Daban‚

615 2512 697 2573 ad
745 2514 809 2574 fl.
849 2513 1021 2592 Oka;
1088 2515 1265 2594 alpes
1317 2513 1689 2593 Sajanenses
1751 2513 2290 2599 (Turczam‘now);
2356 2516 2585 2580 Sibiria
2633 2519 2956 2584 orientalis
2999 2517 3080 2580 ad
3136 2519 3202 2579 fl.

612 2615 804 2695 Biala,
848 2618 1002 2680 Jana
1049 2627 1114 2681 et
1155 2615 1406 2680 Indoma
1464 2615 1742 2702 (Steller).
1796 2653 1881 2665 —-
1939 2616 2149 2681 Amer.
2186 2618 2327 2682 bor.
2374 2656 2457 2667 -—
2504 2619 2677 2684 India
2720 2620 2905 2705 (teste
2938 2621 3203 2705 Moore);

504 2748 519 2754 ·
617 2721 891 2782 Kamaon
932 2718 1071 2803 (Hb.
1106 2720 1396 2801 Hoolcer).

781 2825 1074 2887 Rhizoma
1135 2844 1364 2907 repens
1427 2844 1765 2888 carnosum
1825 2826 2030 2907 paleis
2092 2828 2392 2906 tenuibus
2458 2828 2799 2892 rarissimis
2862 2830 3201 2904 vestitum3

612 2930 826 2992 folium
858 2938 1146 2992 tenerum
1179 2928 1675 3010 tri-bipollicare
1724 2931 2041 2993 rarissime
2093 2934 2129 2993 6
2178 2932 2500 3014 pollinam,
2554 2933 2828 3012 petiolus
2878 2930 3198 3017 ⁴443&ss

613 3033 843 3094 lamina
878 3029 1303 3118 4—4‘}-·2÷”
1354 3033 1558 3113 longa,
1621 3042 1806 3094 ovata
1855 3033 1893 3093 l.
1951 3021 2319 3114 lanceolata,
2380 3034 2632 3115 obtusa,
2693 3035 3200 3115 membranacea,

611 3136 982 3216 simpliciter
1012 3135 1055 3197 l.
1094 3135 1619 3215 bipinnatisecta;
1679 3148 2002 3217 segmenta
2034 3140 2079 3199 1.
2110 3139 2186 3201 O.
2225 3141 2390 3201 4-6
2411 3141 2584 3220 juga,
2623 3141 2829 3202 omnia
2865 3140 3118 3216 fertilia,
3158 3141 3200 3203 l.

610 3239 817 3300 omnia
850 3237 1086 3299 sterilia
1118 3238 1161 3298 l.
1193 3238 1516 3319 superiora
1551 3237 1798 3316 fertilia,
1841 3241 2130 3303 inferiora
2165 3242 2425 3318 sterilia;
2462 3237 2619 3304 haec
2650 3263 2685 3306 e
2713 3244 2864 3329 basi³
2883 3244 3203 3326 inaequali

611 3348 937 3421 angustata
973 3341 1332 3404 late-ovata
1365 3341 1593 3404 obtusa
1625 3342 1666 3404 l.
1705 3335 2043 3407 rotundata
2077 3345 2141 3406 in
2173 3345 2311 3408 basi
2343 3342 2618 3408 laminae
2650 3347 2875 3410 triloba
2910 3349 2955 3409 l.
2992 3346 3203 3409 trifida

610 3445 811 3506 rarius
842 3445 1282 3526 pinnatisecta,
1335 3445 1597 3507 laciniae
1642 3448 1684 3509 l.
1723 3458 2049 3529 segmenta
2091 3450 2162 3510 II.
2203 3450 2278 3511 Ο.
2315 3448 2574 3529 unijuga
2609 3451 2933 3513 rarissime
2962 3450 3194 3531 bijuga,

607 3568 642 3608 e
672 3546 807 3608 basi
841 3549 1200 3628 angustiore
1234 3548 1443 3610 subito
1476 3548 1605 3611 fere
1636 3550 1984 3613 orbiculata
2017 3552 2301 3633 margine
2332 3553 2861 3634 subintegerrima
2897 3555 2940 3615 l.
2979 3554 3204 3616 leviter

608 3659 891 3729 crenata3
955 3652 1137 3713 nervi
1186 3652 1385 3713 ultimi
1431 3652 1745 3733 simplices
1789 3654 1835 3715 l.
1874 3653 2133 3734 lurcati,
2187 3651 2268 3717 ad
2315 3674 2634 3719 summum
2679 3658 2891 3738 trijugi
2940 3658 3005 3719 in
3049 3676 3200 3738 seg-

609 3755 833 3817 mentis
865 3756 1128 3817 ultimis.

779 3858 1113 3939 Segmenta
1145 3858 1370 3921 fertilia
1402 3858 1976 3941 lineari-oblonga.

778 3963 1247 4042 Speciminibus
1277 3965 1627 4025 numerosis
1673 3965 2080 4045 examinatis,
2132 3964 2484 4029 Allosorum
2519 3966 2771 4030 Stelleri
2818 3967 3017 4030 solum
3060 3967 3200 4029 for-

606 4084 770 4127 mam
813 4063 1309 4146 depauperatam
1342 4065 1603 4128 Allosori
1635 4068 1827 4149 crispi
1870 4067 2106 4131 habere
2148 4068 2370 4133 debeo.
2467 4071 2633 4133 Folia
2678 4071 2932 4153 saepius
2976 4090 3014 4134 a
3059 4070 3199 4132 basi

605 4188 803 4249 usque
834 4167 915 4229 ad
948 4169 1193 4248 apicem
1225 4167 1456 4230 fertilia
1487 4171 1722 4247 inveni,
1756 4188 1945 4252 quam
1970 4169 2108 4234 basi
2134 4175 2369 4236 sterilia
2397 4184 2458 4236 et
2480 4175 2657 4254 apice
2680 4174 2935 4253 fertilia,
2966 4194 3201 4256 quem-

603 4269 941 4334 admodum
975 4290 1034 4332 a.
1065 4270 1144 4332 cl.
1173 4271 1473 4350 Ruprecht
1501 4269 1974 4351 describuntur3
2012 4276 2331 4340 interdum
2363 4278 2626 4339 laciniae
2657 4278 2967 4357 segmenti
2999 4277 3200 4342 infimi

601 4376 804 4436 solum
824 4375 900 4435 ‘in
933 4375 1213 4454 margine
1244 4383 1527 4446 extremo
1572 4371 1678 4437 hic
1721 4375 1845 4437 illic
1887 4381 2069 4459 quasi
2101 4381 2278 4444 initia
2309 4380 2813 4444 fructificationis
2843 4380 3189 4444 habebant.

604 4476 902 4539 Fasciculi
962 4477 1212 4557 petioli,
1279 4478 1526 4560 paleae,
1596 4497 1820 4560 sporae
1873 4484 2126 4545 omnino
2182 4485 2416 4545 formae
2469 4485 2793 4549 normalis.
2905 4484 3193 4547 Rhizoma

604 4581 1064 4659 tenuissimum,
1105 4600 1355 4663 repens.

772 4683 1104 4764 Specimen
1135 4686 1585 4765 americanum‚
1634 4686 1807 4769 quod
1848 4688 2326 4753 benevolentiae
2359 4690 2438 4752 cl.
2481 4710 2540 4753 v.
2578 4692 2926 4758 Leonhardi
2964 4689 3187 4768 debeo,

602 4787 852 4852 omnino
885 4806 1026 4853 cum
1060 4786 1339 4852 asiaticis
1364 4790 1678 4870 congruit.
