3450 5367
1311 336 1709 410 Polypodium.
2743 333 2821 393 15
2855 321 2861 328 ’

232 503 412 586 gulos
444 504 826 566 macularum
861 503 1136 576 sessilis;
1175 502 1256 565 ad
1287 516 1522 567 costam
1561 504 1656 564 vel
1691 505 1860 564 inter
1892 508 2099 564 costas
2139 499 2550 563 secundarius
2583 500 2816 570 seriati‚

232 610 436 672 rarius
470 607 788 670 numerosi
835 615 899 667 et
944 607 1378 687 irregulariter
1408 607 1613 689 sparsi
1661 605 1759 668 vel
1808 623 1992 668 sorus
2041 604 2294 668 linearis
2342 605 2679 666 continuus
2726 604 2821 663 vel

230 713 622 791 interruptus
657 710 870 771 nervis
903 709 1294 772 secundariis
1326 711 1687 790 parallelus,
1719 728 1916 771 nervo
1948 726 2192 772 ramum
2227 710 2504 770 anticum
2538 708 2821 769 infimum

231 814 664 890 continuante,
696 833 776 875 ex
802 817 1181 877 anastomosi
1212 814 1528 878 radiorum
1563 832 1705 876 cum
1742 809 2203 895 appendicibus
2236 811 2626 873 macularum
2659 819 2819 889 orto,

232 918 590 997 impositus.
673 916 947 980 Petiolus
979 919 1375 981 articulatus.

580 1057 591 1088 l

230 1138 261 1173 '⁸‘
290 1139 478 1204 Folia
515 1141 795 1203 indivisa.
826 1141 1080 1224 glabra.
1159 1143 1516 1205 nervorum
1547 1141 1765 1218 spico·
1794 1157 1924 1202 non
1953 1140 2346 1228 incruenti„
2382 1140 2618 1218 Sporao
2649 1136 2823 1200 striis

1109 1245 1150 1307 3
1181 1248 1470 1318 notatae,
1506 1241 1949 1323 subglobosso.
2327 1231 2348 1248 ⁰

228 1416 291 1459 a.
355 1399 810 1461 Grammitis
856 1402 1044 1465 Presl.
1119 1400 1508 1462 Nervatio
1554 1396 2025 1482 Eupteridis
2069 1406 2143 1459 et
2188 1395 2818 1480 Ctenopteridis.

410 1536 469 1596 1.
519 1537 591 1599 P.
624 1538 1071 1615 marginollum
1104 1538 1237 1599 Sw.
1272 1537 1476 1599 Flor.
1516 1533 1678 1599 lnd.
1717 1554 1866 1597 occ.
1915 1533 1961 1615 (⁴
1981 1534 2409 1618 797-4806.)
2452 1556 2517 1617 p.
2559 1537 2744 1597 4634.

405 1655 557 1732 Syn.
639 1656 1001 1721 Grammitis
1037 1659 1165 1721 Sw.
1205 1694 1288 1705 —
1333 1658 1406 1719 G.
1445 1657 1703 1718 limbata
1751 1657 1879 1718 Fee.
1919 1689 2002 1702 ——-
2055 1657 2128 1718 G.
2169 1656 2422 1718 linearis
2465 1657 2579 1720 Lk.
2621 1693 2696 1703 --
2748 1658 2820 1719 G.

232 1755 655 1839 graminoides
689 1760 761 1821 L.
798 1779 857 1823 v.
900 1760 1086 1824 Buch.
1123 1797 1208 1809 —
1258 1762 1330 1825 G.
1368 1758 1730 1844 quaerenda
1776 1757 1939 1820 Bolle
1982 1759 2046 1819 in
2079 1758 2431 1821 zeitschrift
2474 1760 2615 1841 alig.
2654 1760 2824 1822 Erd-

233 1861 450 1925 kunde
497 1859 606 1922 Bd.
646 1861 797 1924 xlv.
851 1884 911 1944 p.
955 1865 1098 1927 324.
1140 1865 1182 1927 f.
1221 1885 1275 1928 s.
1316 1884 1372 1927 ο.
1426 1899 1502 1911 -
1554 1867 1902 1925 Mecosorus
1945 1859 2363 1944 (Chilopteris)
2422 1864 2824 1945 marginellus

235 1965 325 2027 ΚΖ.
366 1982 500 2026 var.
539 1984 584 2026 α
614 1966 819 2027 minor
850 1965 912 2029 et
940 1969 987 2048 β
1018 1970 1231 2049 major.
1273 1969 1314 2031 f.
1353 1987 1406 2031 s.
1447 1988 1504 2030 o.
1554 1968 1828 2030 Linnaea
1862 1967 1966 2028 20.
2007 1967 2152 2026 405.

408 2068 695 2129 Rhizoma
727 2071 1076 2135 ascendens
1107 2075 1284 2156 apice
1315 2072 1515 2155 paleis
1548 2069 1919 2152 ferrugineis
1951 2070 2623 2150 anguste-lanceolatis
2656 2069 2824 2131 sub-

229 2172 654 2253 integerrimis
689 2176 1007 2254 vestitum;
1045 2175 1199 2258 folia
1234 2178 1330 2239 4-
1361 2173 1439 2237 8”
1475 2175 1654 2256 longa
1692 2170 1965 2258 lff—AEm
2001 2173 2122 2235 lata
2157 2173 2509 2254 spathulata
2540 2172 2750 2235 obtusa
2780 2174 2820 2234 l.

233 2282 486 2357 anquste
516 2275 852 2339 lanceolata
876 2277 936 2340 in
968 2281 1269 2359 petiolum
1306 2280 1542 2342 sensim
1573 2283 1889 2340 attenuata
1918 2277 2196 2338 coriacea
2225 2278 2616 2358 mteqerrima
2645 2295 2827 2338 mar-

229 2381 367 2460 9ine
398 2379 618 2441 calloso
641 2378 852 2442 ebeneo
882 2382 1081 2444 ciliato
1127 2382 1401 2464 denique
1444 2380 1825 2464 glaberrimo
1866 2378 2321 2458 circumducta,
2375 2398 2649 2460 superne
2692 2379 2827 2441 ler-

234 2482 400 2570 tilia3
453 2484 629 2544 nervi
674 2483 1031 2546 secundarii
1083 2485 1336 2563 surrati3
1387 2486 1512 2549 sori
1565 2484 1816 2567 oblongi
1863 2491 2075 2546 costae
2105 2482 2390 2564 paralleli
2425 2491 2489 2544 et
2519 2485 2826 2564 approxi-

237 2588 384 2650 mati
419 2585 692 2668 denique
723 2587 1018 2670 contigui.

405 2707 584 2771 Icon.
665 2708 967 2771 Schkuhr.
1005 2711 1073 2770 T.
1112 2711 1173 2774 7.

405 2830 571 2893 Hah.
650 2830 716 2891 In
759 2830 935 2892 silvis
982 2832 1102 2893 ins.
1144 2831 1401 2893 Carnar.
1452 2828 1537 2912 (L.
1576 2848 1633 2892 v.
1672 2830 1896 2906 Buch.)
1951 2861 2024 2873 -
2073 2827 2383 2903 Jamaica;
2439 2824 2519 2910 ad
2565 2837 2823 2890 truncos

236 2940 360 2994 vet.
405 2951 677 2994 muscos,
712 2930 985 2994 Meridae
1026 2930 1326 3013 (Moritz);
1364 2933 1458 2994 St.
1501 2933 1724 2993 Helena
1773 2930 2032 3014 (Urville
2064 2933 2126 2993 F.
2165 2951 2219 2994 S.
2256 2928 2371 3012 o.).

408 3035 661 3115 Species
694 3035 893 3116 figura
926 3034 1053 3097 folii
1087 3043 1151 3098 et
1182 3036 1464 3116 margine
1498 3034 1729 3098 calloso
1762 3036 2002 3098 ebeneo
2033 3035 2241 3098 ciliato
2284 3037 2435 3097 satis
2467 3033 2819 3102 excellens.

232 3141 469 3202 Nervos
502 3139 772 3215 steriles,
803 3139 1086 3220 exceptis
1119 3140 1369 3216 infimiS,
1410 3157 1664 3219 semper
1694 3138 1991 3220 furcatos,
2029 3157 2353 3222 nunquam
2388 3140 2685 3219 pinnatos
2719 3138 2826 3197 in-

237 3243 401 3318 veni,
439 3241 729 3323 apicibus
762 3260 885 3303 non
919 3244 1308 3306 incrassatis.
1379 3243 1561 3304 Nervi
1597 3240 1954 3304 secundarii
1989 3243 2310 3325 simplices
2343 3260 2466 3304 non
2504 3259 2644 3302 raro
2675 3257 2823 3299 arcu

235 3342 439 3406 medio
470 3346 917 3408 anastomotico
948 3346 1113 3408 inter
1146 3365 1214 3408 se
1249 3344 1623 3425 junguntur,
1682 3342 2004 3407 interdum
2050 3355 2256 3408 autem
2291 3364 2505 3407 ramus
2546 3344 2823 3425 posticus

232 3446 492 3508 alterius
524 3449 704 3510 nervi
736 3457 1161 3512 anastomosat
1191 3467 1333 3511 cum
1368 3467 1538 3511 ramo
1567 3449 1804 3525 postico
1838 3447 2145 3512 inferioris
2178 3450 2379 3511 nervi.
2457 3447 2609 3511 Cilia
2642 3465 2824 3508 mar-

234 3550 465 3630 ginalia
500 3549 914 3631 fugacissima‚
953 3562 1063 3614 aut
1089 3572 1122 3614 e
1146 3551 1389 3614 cellulis
1423 3553 1798 3630 acuminatis
1827 3553 2219 3633 simplicibus
2256 3552 2516 3614 formata
2550 3559 2659 3613 aut
2693 3550 2821 3611 bini

235 3653 346 3735 pili
396 3655 810 3734 patentissimi
862 3657 922 3715 in
970 3654 1096 3737 pilo
1140 3654 1383 3716 deflexo
1433 3643 1751 3717 sedentes.
1862 3655 2059 3734 Hujus
2106 3656 2337 3734 speciei
2383 3655 2618 3716 formae
2662 3652 2823 3714 duae

234 3754 740 3839 distinguendae,
779 3778 941 3841 quae
974 3755 1321 3821 secundum
1358 3758 1435 3820 cl.
1462 3759 1810 3821 Menenium
1841 3757 2038 3822 altera
2072 3759 2135 3819 in
2168 3759 2425 3820 alteram
2461 3765 2816 3820 transeunt.

407 3890 466 3975 α)
509 3894 735 3974 majus.
817 3896 967 3975 Syn.
1029 3895 1391 3958 Grammitis
1423 3894 1680 3958 limbata
1713 3897 1785 3958 F.
1825 3897 2062 3960 Genera
2099 3897 2207 3957 Fil.
2247 3915 2308 3976 p.
2332 3896 2481 3956 233.
2520 3927 2600 3939 —-
2633 3894 2824 3975 Poly-

233 3995 491 4078 podium
527 3996 891 4060 subulatum
924 3998 1199 4062 Klotzscli
1233 4000 1292 4059 in
1323 3998 1500 4061 herb.
1533 4018 1660 4082 reg.
1692 3999 1897 4063 Berol.
1925 4035 2009 4046 —
2039 3997 2441 4082 Polypodium
2476 3997 2825 4078 margine!-

234 4100 366 4161 lum
399 4117 534 4161 var.
574 4102 832 4163 Liseana
868 4103 1047 4164 Kuhn
1080 4103 1141 4163 in
1177 4102 1456 4164 Oesterr.
1494 4104 1625 4165 Bot.
1666 4101 1955 4165 Ztschrft.
2003 4101 2212 4187 (4866)
2251 4122 2316 4183 p.
2355 4104 2459 4164 70.
2498 4136 2582 4147 -
2614 4103 2823 4161 Meco-
2881 4169 2888 4178 .

124 4197 129 4203 ’
233 4221 416 4265 sorus
455 4199 877 4286 (Chilopteris)
905 4204 1321 4285 'marginellus
1351 4205 1398 4284 β
1429 4207 1623 4286 major
1652 4205 1957 4270 Klotzsch.

406 4307 658 4370 Lamina
705 4305 979 4389 denique
1028 4304 1107 4369 8''
1148 4308 1349 4389 longa,
1403 4305 1632 4370 3--4'''
1676 4308 1822 4388 lata,
1879 4310 2178 4393 utrinque
2224 4317 2571 4384 attenuata,
2623 4308 2823 4369 obtu-

232 4410 285 4472 si
296 4409 533 4489 uscula,
571 4412 750 4473 nervi
774 4409 1126 4473 secundarii
1152 4411 1382 4474 steriles
1410 4411 1858 4494 simplicissimi,
1907 4432 2026 4475 non
2056 4417 2590 4483 anastomosantes,
2630 4407 2818 4472 validi

232 4514 537 4577 breviores
564 4516 734 4594 recti,
765 4513 1000 4593 fertiles
1030 4512 1264 4595 inferne
1287 4515 1526 4577 ramulo
1552 4515 1725 4577 brevi
1744 4514 1997 4597 sorifero
2031 4517 2224 4578 antico
2256 4514 2559 4590 instructi;
2596 4530 2819 4594 sporae

233 4618 528 4679 minores.
613 4616 851 4680 Guiana
885 4617 1051 4698 angl.
1099 4615 1582 4700 (Schomburqlc).
1662 4618 1971 4680 Portorico
2014 4614 2483 4699 (Schwaneclce).

400 4737 579 4800 Icon.
673 4739 787 4800 Fae
833 4737 897 4799 in
958 4738 1136 4799 Mem.
1201 4737 1433 4798 scienc.
1485 4745 1615 4800 nat.
1669 4736 2104 4819 Strassbourg.
2185 4738 2253 4801 Τ.
2293 4738 2390 4800 lV.
2472 4734 2532 4797 2.
2575 4736 2609 4794 3
2645 4736 2813 4798 Livr.

229 4838 363 4901 tab.
402 4841 473 4903 V.
514 4841 571 4902 4.
