3450 5367
1325 337 1702 411 Cystopteris.
2285 405 2294 413 ἢ
2681 331 2803 396 153

210 523 338 567 una
391 524 533 568 cum
577 501 878 586 Asplenio
924 503 1268 567 lanceolato
1325 523 1457 566 var.
1508 505 1811 582 obovato;
1878 510 1936 569 6.
1986 504 2377 587 Cystopteris
2417 503 2676 587 fragilis.
2722 540 2807 552 —

208 609 432 689 Itaque
458 606 528 670 C.
567 606 974 670 fumarioides
1004 609 1180 671 Presl
1207 609 1517 671 immerito
1548 628 1582 670 a
1609 610 1688 679 cl.
1721 612 1923 673 Moore
1950 607 2107 694 (Ind.
2146 609 2233 672 fil.
2264 628 2330 689 p.
2367 607 2511 690 282)
2553 606 2634 671 ad
2667 627 2800 671 var.

210 711 275 776 ὃ.
314 713 640 777 dentatam
668 710 1124 792 Cystopteridis
1157 710 1395 792 fragilis
1428 713 1721 774 trahitur.
1791 712 2180 795 Cystopteris
2212 713 2450 773 azorica
2484 714 2591 775 Fe'e
2621 712 2834 793 plane·

209 818 466 879 omnino
498 814 718 878 eadem
753 814 964 893 planta
999 832 1071 876 ac
1102 815 1491 878 canariensis
1522 816 1739 898 itaque
1762 833 1899 878 var.
1933 821 1997 899 η’.
2033 816 2272 877 azorica
2299 813 2470 896 apud
2501 816 2579 877 cl.
2609 817 2812 897 Mopre

210 921 251 981 Ι.
286 939 342 982 c.
380 940 446 1001 p.
496 921 622 983 282
667 916 1006 999 superflua.
1085 917 1131 978 E
1177 917 1385 980 Sierra
1428 915 1681 981 Nevada
1717 918 2051 1000 Hispaniae
2095 927 2159 980 et
2201 936 2280 980 ex
2310 920 2479 980 Nova
2516 919 2809 982 Granada

210 1003 559 1104 specimina
610 1021 864 1085 omnino
920 1037 1252 1102 cum·var.
1313 1023 1668 1085 canariensi
1723 1021 2160 1085 convenientia
2215 1019 2380 1100 vidi,
2440 1030 2506 1084 at
2556 1019 2809 1085 indusio

209 1126 433 1207 glabro
461 1124 799 1208 gaudentia
823 1123 836 1185 l
999 1171 1008 1181 .
2139 1135 2140 1138 ¹

383 1229 565 1292 Obsv.
601 1229 649 1290 1.
698 1225 1030 1309 Aspidium
1050 1229 1431 1308 Taygetense
1451 1229 1615 1311 Bory
1634 1236 1703 1290 et
1723 1227 1951 1291 Ghaub.
1989 1228 2191 1290 Nouv.
2225 1227 2313 1289 Fl.
2344 1227 2551 1309 Pelop.
2592 1227 2638 1308 (l
2656 1226 2800 1311 838)

210 1354 277 1413 p.
317 1331 420 1394 67.
458 1338 522 1393 et
551 1328 799 1410 Exped.
836 1329 1057 1392 scient.
1121 1330 1321 1393 Marde
1350 1347 1413 1409 p.
1454 1332 1579 1392 288
1610 1350 1856 1394 mecum
1903 1321 2332 1417 copiosissime
2376 1333 2813 1393 communica-

211 1445 345 1498 tum
379 1444 499 1498 est.
564 1432 916 1497 Ediderunt
942 1433 1124 1494 ·hanc
1170 1432 1486 1512 plantam:
1543 1433 1599 1516 4)
1639 1435 1961 1499 Heldreich
2003 1437 2064 1497 in
2096 1435 2300 1497 Plant.
2352 1453 2490 1498 exS.
2524 1435 2635 1497 No.
2688 1437 2812 1496 365

211 1560 290 1602 ex
323 1539 592 1620 Olympo
623 1535 1002 1599 Thessaliae.
1070 1538 1132 1615 2)
1169 1535 1337 1598 Idem
1381 1538 1445 1599 in
1477 1539 1741 1603 Herbar.
1782 1540 2002 1602 Graec.
2040 1558 2244 1602 norm.
2280 1539 2391 1601 No.
2433 1539 2513 1600 35
2545 1558 2626 1601 ex
2656 1539 2813 1600 Par·-

209 1661 431 1721 nasso,
484 1648 548 1703 et
590 1642 650 1721 3)
691 1639 1068 1722 Orphanides
1107 1640 1168 1699 in
1215 1639 1376 1700 Flor.
1423 1659 1627 1719 graec.
1663 1660 1804 1704 exs.
1840 1644 1952 1704 No.
1991 1645 2114 1706 499
2158 1640 2379 1704 eodem
2424 1641 2579 1703 loco.
2618 1642 2814 1702 Prae-

211 1755 383 1808 terea
426 1744 559 1809 vidi
604 1744 945 1827 specimina
997 1744 1301 1805 cretensia
1346 1760 1380 1803 a
1416 1743 1493 1805 cl.
1531 1743 1849 1808 Heldreich
1894 1765 2088 1828 prope
2120 1745 2465 1827 Sphakiam
2507 1742 2591 1807 ad
2624 1742 2812 1807 6000'

221 1847 351 1932 (No.
393 1845 576 1930 4665)
617 1847 812 1926 lecta,
862 1843 1092 1908 deinde
1125 1866 1204 1908 ex
1236 1845 1564 1909 montibus
1595 1848 1900 1929 Taygeto,
1951 1848 2055 1911 Ida
2111 1850 2242 1925 (No.
2285 1848 2469 1925 4549)
2506 1854 2569 1908 et
2600 1855 2812 1908 monte

215 1952 447 2014 Olenos
506 1949 802 2012 Graeciae
855 1946 985 2031 (No.
1036 1951 1183 2026 365)
1249 1958 1310 2011 et
1361 1950 1686 2013 montibus
1735 1951 2034 2033 Dirphyis
2077 1950 2370 2014 Euboeae
2437 1947 2566 2031 (No.
2629 1946 2804 2030 365).

215 2054 610 2135 Specimina‚
662 2053 954 2134 quamvis
985 2071 1065 2114 ex
1111 2059 1291 2134 parte
1324 2071 1357 2114 a
1392 2052 1835 2136 Cystopteride
1866 2054 2076 2135 alpina
2109 2054 2358 2119 diversa
2392 2062 2605 2117 tamen
2637 2052 2809 2116 nullo

211 2155 397 2221 modo
428 2155 509 2218 ab
540 2156 657 2218 hac
687 2156 977 2238 specifice
1008 2154 1392 2236 sejungenda
1425 2165 1595 2218 sunt.

382 2262 715 2341 Nunquam
746 2257 868 2321 sub
900 2257 1158 2339 Aspidio
1191 2262 1567 2341 Taygetensi
1605 2259 2111 2343 Cystopteridem
2153 2260 2434 2344 fragilem
2476 2261 2809 2345 genuinam

210 2362 376 2442 vidi,
414 2365 707 2444 quamvis
738 2362 1079 2426 nonnullae
1111 2361 1346 2425 formae
1376 2365 1524 2427 huic
1552 2366 1877 2446 proximae
1908 2365 2056 2428 sint.-

382 2467 552 2528 Inter
593 2467 934 2548 specimina
980 2466 1494 2530 numerosissima
1539 2485 1573 2528 a
1618 2487 1719 2531 me
1765 2468 2120 2532 examinata
2164 2468 2277 2530 has
2308 2467 2543 2532 formas
2574 2467 2815 2531 distin-

213 2589 410 2652 guere
440 2569 637 2650 potui.

304 2672 363 2733 4.
417 2672 630 2754 Cyst.
683 2673 999 2755 alpina,
1047 2692 1257 2735 vera.
1323 2676 1498 2736 Mons
1531 2675 1877 2755 Taygetos3
1915 2676 1993 2735 M.
2029 2673 2325 2754 Dirphyis
2359 2672 2674 2735 Euboeae.

301 2775 365 2836 2.
414 2777 687 2838 Forma
730 2775 1096 2839 lutiloba.
1164 2774 1381 2839 Lobuli
1415 2776 1902 2864 ultimi-brevem
1943 2777 2087 2851 lati,
2125 2777 2504 2857 plerumque
2533 2773 2814 2838 uniden-

213 2879 369 2957 tati,
420 2876 645 2941 dentes
694 2881 1004 2960 truncati,
1054 2882 1259 2953 rarius
1301 2880 1694 2961 emarginati.
1773 2878 1871 2942 Ad
1902 2879 2162 2943 formam
2213 2881 2443 2962 reqiam
2478 2877 2822 2941 accedenS.

209 2984 384 3043 Mons
414 2979 545 3044 Ida.
608 2983 687 3043 M.
726 2981 983 3045 Olenos.
1768 2983 1773 2989 ’

298 3071 364 3145 3.
413 3085 676 3144 Forma
722 3085 1268 3165 angustiloba.
1334 3084 1554 3148 Lobuli
1588 3086 1798 3148 ultimi
1842 3086 2138 3168 lineales,
2191 3087 2394 3169 longi,
2445 3088 2812 3168 saepissime

210 3187 404 3265 acuti,
445 3187 647 3250 rarius
665 3190 1057 3270 emarginati.
1112 3188 1343 3253 Habitu
1366 3190 1539 3272 Cyst.
1577 3190 1849 3270 alpinae.
1893 3190 2193 3271 Sphakia.
2231 3193 2408 3253 Mons·
2433 3194 2805 3253 Parnassus.

303 3292 364 3350 4.
415 3292 679 3352 Forma
727 3285 1234 3374 subfragilis.
1301 3293 1538 3355 Dentes
1569 3293 1768 3375 longi,
1806 3295 2179 3374 plerumque
2210 3293 2419 3356 obtusi
2450 3313 2565 3355 nec
2598 3311 2817 3354 emar—

207 3394 431 3475 ginati.
499 3394 728 3458 Habitu
761 3396 932 3477 Cysst.
968 3395 1227 3476 fragiliS.
1270 3398 1465 3457 'Mons
1496 3397 1865 3458 Parnassus.

387 3495 567 3559 Obsv.
602 3497 690 3562 11.
756 3499 1142 3580 Cystopteris
1189 3500 1512 3561 caucasica
1564 3500 1627 3561 G.
1667 3494 1741 3559 A.
1776 3501 1982 3581 Meyer
2014 3500 2086 3561 U.
2136 3500 2178 3559 i.
2233 3501 2426 3582 4839,
2469 3519 2595 3563 non
2639 3518 2816 3561 com-

105 3616 111 3622 ’
207 3589 517 3662 mutanda
552 3618 693 3661 cum
729 3602 1172 3683 Hymenocyst.
1209 3603 1568 3682 caucasica,
1617 3601 1795 3663 nullo
1843 3601 2028 3664 modo
2059 3621 2091 3664 a
2127 3602 2648 3686 Cystopt.·fragili
2681 3599 2814 3664 dir-

207 3702 360 3763 fert.
396 3700 442 3761 f.
481 3720 532 3763 s.
573 3721 630 3764 o.
670 3705 978 3786 complur.
2067 3723 2072 3726 ·

310 3859 315 3864 ,
387 3803 571 3867 Obsv.
607 3806 729 3868 m.
794 3810 1049 3869 Formas
1093 3804 1502 3869 intermedias
1544 3806 1710 3867 inter
1757 3807 1931 3888 Cyst.
1985 3807 2260 3889 alpinam
2308 3816 2371 3869 et
2416 3808 2484 3884 G.
2534 3806 2810 3888 fragilem

206 3908 578 3988 nuperrimo
622 3928 656 3969 e
700 3910 887 3971 Tiroli
935 3919 998 3971 et
1043 3912 1321 3973 Helvetia
1365 3910 1614 3990 copiose
1659 3908 1825 3986 vidi,
1877 3911 2064 3971 etiam
2097 3910 2296 3973 cultas
2341 3912 2406 3972 in
2437 3911 2631 3990 *horto
2677 3929 2808 3991 reg.

203 4011 413 4073 Berol.
473 4011 600 4073 Hae
632 4012 867 4074 formae
898 4015 1070 4078 vario
1105 4013 1288 4076 modo
1319 4015 1619 4075 existunt.
1682 4012 2121 4075 Lacinularum
2144 4021 2554 4096 angustarum
2587 4012 2815 4077 dentes

205 4118 378 4178 enim
396 4127 537 4176 ‘non
572 4117 936 4197 emarginati
957 4164 972 4193 ,
1028 4116 1140 4178 sed
1187 4119 1353 4181 acuti
1388 4117 1834 4192 inveniuntur,
1886 4116 1977 4178 sic
2009 4136 2090 4179 ex
2122 4116 2318 4180 forma
2351 4118 2567 4200 alpina
2596 4119 2817 4181 existit

208 4220 284 4281 C.
321 4218 595 4299 fragilis;
648 4220 713 4279 in
760 4220 898 4281 aliis
943 4220 1160 4283 formis
1193 4219 1418 4282 dentes
1462 4220 1764 4300 fastigiati
1797 4220 1860 4280 in
1894 4220 2173 4283 lobulum
2216 4222 2415 4284 latum
2448 4222 2806 4299 confluunt3

204 4322 305 4382 sic
336 4340 417 4382 ex
451 4320 644 4382 forma
676 4324 850 4404 reyia
882 4325 1090 4384 existit
1123 4324 1192 4385 C.
1230 4323 1487 4404 fragilis.

391 4422 570 4486 θῦεν.
607 4426 716 4487 IV.
756 4425 1087 4506 Aspidium
1121 4435 1308 4488 tenue
1341 4427 1467 4487 Sw.
1517 4423 1686 4509 (edit.
1725 4427 1787 4486 in
1816 4425 1974 4487 Flor.
2013 4427 2302 4508 pensylv.
2333 4430 2565 4490 exsicc.
2605 4427 2817 4490 Cove-

204 4523 439 4606 valley.
483 4523 700 4610 4824).
750 4536 847 4591 est
889 4529 1083 4590 forma
1120 4530 1289 4609 Cyst.
1341 4528 1577 4609 fragilis
1610 4528 1691 4591 ad
1726 4547 1859 4590 var.
1911 4529 2427 4591 anthriscifoliam
2477 4529 2807 4594 accedenS.

201 4630 674 4712 speciminibus
706 4632 1180 4693 accuratissime
1211 4634 1612 4712 examinatis,
1651 4631 1715 4694 id
1748 4632 1948 4694 solum
1972 4630 2318 4693 notandum
2344 4642 2463 4713 est,
2503 4632 2674 4717 quod
2706 4636 2815 4694 in-

199 4729 465 4797 dusium
498 4743 753 4814 praeter
798 4733 1051 4797 modum
1085 4733 1280 4797 breve
1310 4742 1447 4815 est;
1500 4745 1566 4797 at
1611 4736 1869 4797 minime
1900 4736 2017 4798 hoc
2047 4734 2521 4819 integerrimum
2554 4737 2805 4816 inveni;

200 4854 437 4922 sperae
470 4835 913 4903 muriculatae.
1310 4835 1316 4841 ’
