3450 5367
1312 320 1675 395 Asplenium.
1990 363 1995 368 -
2718 317 2794 380 61

382 489 597 550 Planta
630 487 697 549 in
727 485 921 550 aridis
954 485 1055 567 ⁴''‚
1112 488 1178 549 in
1209 487 1524 549 umbrosis
1556 482 1835 548 humidis
1863 484 1928 572 f
1959 487 2121 566 alta,
2172 496 2236 549 et
2275 487 2648 570 plerumque
2695 487 2796 549 6'''

209 593 362 671 lata,
411 593 730 653 rarissime
772 592 927 653 9—-4
944 586 1045 652 0'''
1087 590 1238 653 lata.
1335 589 1501 653 Folia
1554 590 1927 671 plerumque
1974 590 2488 654 numerosissima
2539 591 2793 655 flexilia.

209 694 399 757 Nervi
432 695 807 775 plerumque
838 699 1069 755 sensim
1103 694 1282 773 apice
1311 692 1960 769 clavato-incrassati,
2013 691 2271 756 dorsum
2303 703 2635 757 crenarum
2671 714 2798 777 pe-

209 804 438 875 tentes,
477 796 589 860 sed
623 798 967 877 marginem
999 796 1269 858 laminae
1299 815 1422 857 non
1457 794 1862 875 attingentes,
2335 797 2340 802 ’

385 902 572 963 Nervi
605 898 868 974 secund.
898 899 1113 960 lateris
1145 898 1490 977 superioris
1523 900 1583 976 3,
1621 896 1933 959 inferioris
1957 898 2020 979 2,
2056 897 2254 959 infimi
2286 898 2531 981 sufflati,
2571 903 2800 964 summi

210 1003 567 1083 simplices;
606 1003 670 1064 in
704 1002 900 1064 forma
934 1000 1155 1082 pusilla
1192 999 1406 1062 lateris
1438 1000 1782 1082 superioris
1812 1001 1851 1063 2
1883 1002 2085 1076 nervi,
2123 1002 2435 1066 inferioris
2470 1007 2494 1066 ⁴
2529 1023 2544 1080 ;
2597 1007 2802 1067 raris-

211 1108 371 1167 sime
400 1107 468 1166 in
500 1106 714 1168 formis
746 1103 1069 1165 latissimis
1115 1102 1178 1162 in
1221 1101 1416 1164 latere
1458 1103 1783 1186 superiore
1816 1105 1980 1165 5-6
2012 1105 2230 1185 nervi,
2280 1106 2344 1166 in
2394 1105 2575 1168 infer.
2633 1109 2798 1169 4-5

210 1210 657 1287 inveniuntur,
724 1207 921 1268 infimi
974 1201 1337 1266 dichotomi.
1400 1239 1487 1253 --
1561 1207 1780 1267 Paleae
1833 1203 1965 1267 sere
2024 1224 2275 1287 semper
2326 1226 2521 1270 nervo
2579 1211 2798 1291 spurio

211 1309 572 1389 destitutae,
612 1309 890 1389 margine
919 1307 1282 1387 longissime
1313 1305 1631 1388 dentatae,
1684 1309 1746 1369 in
1781 1306 2142 1387 glandulam
2176 1309 2642 1391 hyacinthinam
2676 1311 2798 1374 de-

212 1414 452 1491 sinunt,
492 1412 631 1475 basi
663 1407 979 1492 glandulis
1010 1409 1256 1490 magnis
1289 1409 1541 1490 pallidis
1576 1410 1929 1473 numerosis
1961 1412 2325 1474 instructae.
2357 1445 2437 1460 -
2469 1414 2540 1475 In
2570 1414 2800 1496 petiolo

209 1515 551 1580 fasciculus
582 1523 774 1592 teres,
810 1514 985 1576 intus
1016 1511 1470 1593 quadricruris.

383 1619 437 1680 E
457 1621 601 1681 Jura
627 1615 1003 1679 Franconica
1031 1614 1159 1676 vidi
1188 1616 1527 1695 specimina
1564 1615 1836 1696 pulcerr.
1868 1617 2208 1696 segmentis
2239 1627 2458 1680 exacte
2483 1617 2804 1681 rhombeis

211 1719 525 1802 profunde
573 1718 1157 1798 inciso-crenatis‚
1221 1718 1419 1801 paleis
1466 1715 1767 1781 distincte
1819 1721 2105 1782 nervosis
2147 1720 2476 1782 instructa.
2586 1721 2801 1782 Paleas

212 1840 516 1885 nervosas
547 1831 867 1903 praeterea
900 1822 964 1882 iu
997 1822 1258 1902 specim.
1294 1821 1620 1884 helveticis
1652 1822 1856 1897 nanis,
1907 1821 2355 1902 guestphalicis
2385 1831 2449 1883 et
2477 1823 2801 1885 rarissime

212 1926 278 1987 in
306 1926 608 1987 silesiacis
631 1926 863 1986 inveni.
929 1926 1146 1986 Forma
1169 1942 1330 1987 nana
1364 1922 1679 1986 interdum
1712 1924 1858 2004 pilis
1888 1923 2092 2004 longis
2124 1922 2314 1986 fuscis
2346 1923 2802 2006 glanduligeris

212 2037 279 2089 et
307 2028 504 2108 paleis
536 2028 996 2109 angustissimis
1027 2025 1423 2089 filiformibus
1454 2028 1517 2088 in
1551 2027 1720 2089 rachi
1753 2024 2127 2091 sedentibus
2158 2025 2408 2108 gaudet.

386 2132 457 2194 8.
513 2132 589 2193 A.
641 2129 961 2210 Bourgaei
998 2129 1194 2191 Bois&
1248 2146 1427 2190 msc.
1473 2161 1559 2175 --
1610 2128 1797 2192 Milde
1840 2129 1906 2191 in
1949 2131 2082 2192 Bot.
2119 2132 2248 2211 Ztg.
2306 2128 2352 2214 (l
2370 2128 2516 2210 866)
2569 2129 2680 2193 No.
2722 2132 2802 2193 49

214 2251 365 2314 pag.
404 2234 551 2295 384.

391 2336 679 2398 Rhizoma
703 2333 1154 2415 praecedentis;
1205 2330 1360 2414 folia
1393 2330 1602 2394 2-4''
1636 2333 1821 2413 longa
1870 2335 2023 2397 6--4
2042 2330 2142 2397 0'''
2186 2334 2312 2395 lata
2360 2332 2699 2398 lanceolata
2739 2345 2805 2398 et

216 2437 486 2517 oblonga
517 2437 797 2501 breviter
826 2437 1182 2499 acuminata
1215 2435 1648 2498 obtusiuscula
1682 2434 1945 2501 breviter
1965 2436 2297 2519 peciolam
2333 2435 2566 2500 lamina
2595 2457 2808 2500 mem-

217 2538 529 2602 branacea
556 2539 877 2601 admodum
902 2536 1085 2601 basin
1116 2556 1338 2601 versus
1361 2538 1708 2602 decrescens
1728 2539 2262 2620 subpinnatisecta.
2314 2539 2585 2601 Petiolus
2618 2539 2803 2604 dorso

218 2642 497 2704 ebeneus
540 2642 781 2704 inferne
811 2641 1031 2702 leviter
1061 2641 1343 2703 sulcatus
1388 2642 1588 2722 paleis
1632 2643 2093 2723 nigricantibus
2124 2642 2489 2704 lanceolatis
2522 2645 2804 2723 margine

220 2743 496 2807 dentatis
525 2745 668 2807 laxe
701 2744 990 2807 vestitus.

391 2848 611 2910 Rachis
641 2845 911 2908 laminae
942 2845 1005 2906 in
1034 2846 1239 2927 infima
1273 2853 1453 2926 parte
1495 2844 1722 2909 subtus
1754 2845 1973 2909 ebenea
2002 2853 2067 2907 et
2095 2846 2296 2927 paleis
2327 2846 2805 2927 angustioribus

220 2950 415 3012 fuscis
447 2948 815 3030 patentibus
856 2948 1003 3029 plus
1043 2949 1251 3010 minus
1294 2965 1497 3029 usque
1541 2946 1622 3010 ad
1664 2950 1904 3030 apicem
1935 2949 2160 3012 vestita
2206 2967 2481 3030 superne
2519 2957 2584 3011 et
2613 2968 2807 3032 supra

221 3052 471 3116 omnino
511 3051 729 3114 viridas
765 3050 957 3132 plana
997 3068 1116 3112 non
1136 3049 1412 3113 ·sulcata.
1520 3051 1842 3133 Seymenta
1897 3051 2096 3114 media
2129 3054 2551 3134 patentissima
2600 3073 2633 3116 e
2675 3052 2812 3116 basi

221 3154 340 3219 late
373 3154 603 3217 adnata
629 3154 943 3235 superiore
974 3153 1182 3217 leviter
1212 3153 1567 3217 auriculam
1612 3154 1904 3217 inferiore
1949 3155 2156 3226 exciso
2174 3190 2216 3201 -
2234 3165 2496 3218 cuneata
2545 3158 2803 3238 paulum

219 3259 283 3320 in
317 3258 490 3320 rachi
523 3256 923 3320 decurrentia
955 3255 1205 3339 oblonya
1247 3256 1458 3320 obtusa
1471 3276 1493 3334 ,·
1543 3267 1866 3338 segmenta
1912 3257 2125 3321 infima
2169 3258 2543 3322 brevissima
2578 3270 2808 3322 ovato-

219 3360 578 3441 rotundata,
614 3361 816 3422 omnia
847 3361 1127 3440 margine
1159 3359 1425 3442 undique
1456 3358 1701 3422 dentata
1722 3362 1767 3420 l.
1794 3360 2208 3441 pinnatiloba‚
2245 3360 2407 3425 lobis
2439 3380 2580 3424 sese
2611 3363 2812 3423 attin--⁴

214 3462 925 3547 gentibusbidentatis3
963 3462 1164 3526 dentes
1193 3464 1358 3525 ovati
1385 3463 1551 3525 acuti
1580 3451 1736 3524 recti
1770 3463 2086 3526 interdum
2121 3466 2395 3547 angulati
2414 3485 2437 3541 ;
2483 3474 2808 3544 segmenta

214 3566 449 3629 subtus
481 3565 561 3628 ad
594 3575 829 3629 costam
861 3565 1207 3628 flexuosam
1241 3566 1444 3647 paleis
1478 3565 1871 3629 filiformibus
1902 3567 2044 3630 laxe
2085 3575 2147 3629 et
2176 3568 2277 3630 hic
2307 3566 2436 3629 illic
2468 3567 2612 3646 pilis
2645 3569 2811 3629 arti-

213 3670 447 3732 culatis
477 3670 543 3734 iu
574 3665 939 3750 glandultam
972 3668 1210 3732 fuscam
1244 3668 1625 3731 exeuntibus
1656 3686 1843 3749 parce
1873 3673 2128 3734 vestita.

284 3818 299 3824 -
391 3772 577 3834 Nervi
627 3773 986 3836 secundarii
1033 3771 1328 3850 utrinque
1382 3771 1547 3832 5-6
1595 3759 2202 3851 prominentes'sub
2254 3771 2484 3852 angulo
2534 3780 2721 3833 acuto
2772 3790 2808 3833 e

216 3883 393 3937 costa
425 3873 821 3955 egredientes
853 3875 1079 3938 furcati
1119 3873 1394 3956 (infimus
1425 3873 1640 3936 lateris
1672 3875 2017 3955 superioris
2048 3872 2494 3957 dichotomus),
2546 3873 2804 3938 dorsum

218 3976 508 4043 dentium
543 3986 830 4059 patentes
861 3997 1073 4039 eorum
1108 3977 1318 4059 apices
1346 3995 1475 4039 non
1507 3977 1886 4058 attingentes
1919 3996 2046 4040 non
2076 3977 2330 4040 clavati.

394 4083 531 4144 Sori
578 4089 786 4144 costae
830 4082 1247 4162 approximati
1295 4080 1567 4162 denique
1610 4079 2000 4143 confluentes
2040 4087 2105 4142 et
2149 4088 2343 4143 totam
2375 4082 2666 4164 paginam
2700 4082 2812 4143 in—
2906 4156 2912 4162 .

217 4185 512 4248 seriorem
545 4185 827 4266 exceptis
857 4184 1251 4264 marginibus
1283 4192 1662 4266 occupantes
1694 4181 1850 4247 fusci
1883 4183 2154 4266 oblongi.

395 4285 719 4351 indusium
765 4285 1316 4350 membranaceum
1360 4289 1637 4369 margine
1678 4288 1865 4369 longe
1908 4285 2237 4351 dentatum
2286 4294 2350 4350 et
2396 4287 2805 4352 fimbriatum.

219 4394 463 4475 Sporae
494 4391 708 4465 fuscae
739 4387 934 4453 dense
966 4391 1399 4453 muriculatae.

393 4494 558 4558 Hal).
619 4495 687 4556 In
713 4493 920 4557 flssur.
952 4513 1095 4575 rup.
1126 4501 1323 4556 mont.
1354 4492 1578 4558 Amani
1608 4511 1801 4576 supra
1829 4495 2064 4557 Bellan.
2094 4493 2206 4555 alt.
2240 4489 2451 4555 3000'.
2504 4489 2806 4556 20.Febr.

221 4600 417 4661 4865.
460 4597 896 4683 (Haussknecht
937 4599 999 4659 in
1029 4600 1105 4660 It.
1144 4599 1285 4679 Syr.
1320 4630 1398 4642 --
1428 4595 1807 4679 Armeniae.)
1854 4629 1931 4641 -
1963 4598 2029 4658 ln
2065 4594 2310 4658 fissuris
2343 4597 2593 4676 rupium
2626 4614 2816 4657 mon—

219 4705 304 4766 tis
334 4697 751 4785 Tscbaryklar
781 4720 975 4784 prope
1007 4699 1246 4763 Adalia.
1299 4702 1404 4765 20.
1431 4697 1649 4780 Aprili.
1719 4698 1811 4783 (E.
1841 4700 2184 4780 Bouryeau.
2216 4698 2307 4760 Pl.
2340 4699 2563 4780 Lyciae
2591 4697 2776 4780 ⁴860)
2795 4744 2809 4759 .

394 4805 654 4886 Species
683 4805 1099 4887 pulcherrima
1126 4802 1139 4864 l
1224 4803 1481 4865 Paulum
1512 4803 1718 4867 affinis
1749 4802 2051 4886 Asplenio
2083 4801 2343 4865 fontano
2372 4800 2604 4864 lamina
2635 4812 2817 4887 atro-
