3450 5367
1371 319 1762 392 Botrychium.
2757 314 2879 380 197

446 490 511 551 5.
574 490 650 551 B.
686 487 1113 551 menolatum
1153 482 1384 567 (Gmel.)
1424 481 1669 568 Any-sir.
1704 489 1864 549 Bot.
1901 489 2148 552 Notis.
2196 485 2404 571 (1854)
2444 506 2510 567 p.
2549 489 2653 549 68.

446 592 599 668 Syn.
664 592 734 652 B.
771 590 1118 671 palmatum
1150 588 1345 651 Presl.
1383 606 1443 649 e.
1479 607 1543 668 p.
1583 624 1660 635 —
1706 592 1774 651 B.
1814 599 2141 654 rutaceum
2171 590 2633 672 sstripartitum
2668 590 2871 654 Lede-

273 694 431 756 bour
469 693 563 755 Fl.
611 711 770 757 ross.
823 695 923 756 IV.
959 712 1025 774 p.
1072 695 1219 755 505.
1258 726 1340 738 --
1383 695 1447 753 Β.
1495 692 2108 758 matricariaesolium
2146 694 2313 757 Fries
2355 693 2614 755 Summa
2654 695 2867 775 Veget.

272 816 339 877 p.
391 796 514 858 252
559 805 624 858 et
653 798 895 859 Hartm.
944 795 1029 856 Fl.
1069 792 1303 857 Scand.
1359 792 1462 857 ed.
1512 796 1574 857 5.
1612 803 1676 857 et
1709 798 1769 857 6.
1806 828 1893 842 -
1932 793 2262 859 Osmunda
2295 794 2642 860 lanceolata
2677 796 2864 860 Gmel.

268 901 428 961 Nov.
482 899 831 961 Comment.
881 896 1079 960 Aead.
1117 899 1365 979 Petrop.
1403 899 1534 961 Xll.
1589 899 1749 976 516,
1801 918 1925 963 non
1957 902 2147 982 Rupr.
2189 932 2265 944 —
2313 897 2642 962 Osmunda
2685 898 2876 982 Apii-

270 1002 421 1064 folio
451 1001 517 1063 in
548 1000 730 1062 herb.
767 999 1003 1063 Steller.
1039 1034 1124 1049 --
1152 1002 1221 1062 B.
1256 1009 1582 1063 rutaceum
1614 1020 1674 1084 y.
1708 1002 2123 1066 lanceolatum
2157 1002 2359 1065 Moore
2389 1000 2585 1064 Index
2617 1001 2706 1068 fil.

444 1106 595 1167 Tota
630 1102 841 1184 planta
874 1100 1085 1164 2-6”
1127 1101 1290 1180 alta3
1340 1101 1566 1165 lamina
1602 1104 1823 1167 sterilis
1856 1105 2211 1189 plerumque
2252 1101 2715 1170 mmbranacea
2747 1125 2875 1188 ap-

278 1207 629 1287 proximate
671 1205 812 1268 basi
859 1206 1191 1286 paniculae
1238 1206 1465 1270 sessilis
1507 1213 1691 1269 ovata
1723 1207 1767 1270 l.
1804 1207 2102 1272 deltoidea
2131 1214 2315 1271 acuta
2351 1208 2866 1292 pinnatipartitm

273 1299 597 1392 Seymenta
615 1310 679 1371 Ἰ.
722 1306 794 1368 Ο.
832 1316 1069 1370 remota
1094 1310 1370 1389 patentia
1414 1317 1472 1372 et
1512 1318 1787 1391 arrecta,
1840 1312 2048 1392 infima
2090 1308 2412 1373 interdum
2448 1311 2869 1391 patentissima

279 1412 620 1475 lanceolata
649 1411 689 1475 l.
724 1408 1341 1493 oblonqo-lanceolata
1370 1421 1556 1477 acuta
1586 1410 1764 1476 basin
1791 1432 2009 1477 versus
2038 1420 2353 1477 attenuata
2380 1412 2577 1496 ibique
2608 1412 2872 1477 breviter

275 1515 498 1594 lebeta,
536 1516 769 1598 apicem
796 1530 1016 1578 versus
1038 1531 1232 1595 parce
1257 1522 1503 1578 serrata
1532 1514 1576 1577 l.
1614 1517 2096 1598 pinnatipartita
2128 1517 2369 1580 laciniis
2397 1517 2658 1580 arrectis
2696 1514 2871 1599 (sub-

275 1615 606 1702 adpressis)
633 1635 827 1700 parce
857 1618 1153 1695 serratis;
1195 1624 1520 1698 segmenta
1551 1618 1600 1679 I.
1639 1619 1713 1680 O.
1752 1620 2077 1701 superiora
2115 1603 2384 1702 oblonga
2415 1627 2600 1686 acuta
2633 1626 2869 1682 serrata

224 1753 233 1756 -
273 1720 417 1783 basi
447 1722 765 1784 cuneatim
797 1728 1132 1801 angustata
1163 1721 1227 1783 in
1262 1720 1436 1783 rachi
1468 1719 1891 1795 decurrentia.

448 1825 739 1887 Panicula
773 1826 910 1886 3—-
930 1826 965 1885 4
998 1824 1413 1904 pinnatisecta
1447 1822 1806 1905 pedunculo
1838 1822 1922 1890 ad
1951 1826 2135 1888 basin
2170 1826 2437 1888 laminae
2469 1785 2705 1887 sterilis
2735 1823 2873 1885 ori-

272 1925 480 2004 und03
516 1928 802 1991 nervatio
833 1929 1179 2010 Sphenopt.

441 2032 620 2094 loon.
685 2029 868 2093 Milde
907 2032 1079 2093 Nova
1110 2027 1251 2092 Act.
1300 2031 1432 2092 Vol.
1477 2031 1686 2094 XXVI.
1737 2031 1803 2092 P.
1840 2032 1915 2093 11.
1952 2040 2000 2094 t.
2037 2032 2142 2094 51.
2189 2031 2296 2113 fig.
2347 2029 2493 2092 178.
2534 2029 2679 2091 179.
2718 2028 2865 2090 180.

277 2135 426 2197 181.
462 2142 512 2197 t.
550 2136 631 2197 55
662 2134 707 2196 f.
745 2136 806 2195 4.
840 2167 933 2183 —--
959 2134 1137 2196 Flora
1170 2131 1808 2197 dan.t.xv111.r.3
1843 2132 2094 2197 dextra.
2881 2185 2888 2209 ,

445 2236 609 2301 nab.
677 2238 745 2299 In
792 2235 1053 2315 Sibiria;
1114 2237 1178 2298 in
1222 2237 1344 2298 ins.
1396 2236 1690 2298 Sachalin
1746 2233 1945 2319 (berb.
1995 2234 2267 2320 Bunqe);
2317 2236 2381 2298 in
2427 2234 2637 2298 Amor.
2682 2234 2865 2298 bor.:

272 2341 672 2405 Unalaschka
736 2336 1199 2417 (Eschsckoltz);
1265 2337 1610 2402 Clevela'nd
1662 2337 1745 2401 ad
1788 2339 1907 2401 lac.
1956 2339 2124 2400 Erie.
2194 2336 2394 2420 (herb.
2453 2335 2736 2420 Sonder).
2804 2339 2870 2400 In

276 2440 701 2507 scandinavia
726 2442 1246 2527 “srorpshammar
1276 2439 1580 2523 Medelp.,
1618 2439 1854 2504 Koddis
1885 2448 1948 2503 et
1971 2442 2169 2503 Umoa
2199 2441 2608 2506 Westerbott.
2632 2488 2648 2521 ‚
2687 2441 2865 2503 Prov.

272 2546 590 2627 Helsingia
636 2546 893 2629 paroch.
928 2546 1192 2608 Norrbo.
1233 2544 1634 2608 Wilhelmina
1666 2546 1732 2607 in
1765 2545 2435 2626 Tornea-Lappmark.
2470 2541 2872 2624 Angerman-

270 2652 413 2728 nia;
464 2647 670 2712 Slidre
715 2646 1159 2730 Norwegiae.).
1236 2649 1568 2729 Nunquam
1612 2648 1675 2709 in
1726 2648 2059 2711 Germania
2103 2645 2547 2710 observatum!
2615 2645 2873 2725 Species

274 2752 632 2829 rarissima,
682 2752 891 2814 minus
935 2750 1221 2832 cognita,
1271 2758 1551 2813 attamen
1579 2750 2004 2831 pulcherrima
2037 2758 2101 2812 et
2130 2749 2306 2812 nullo
2350 2746 2535 2810 modo
2575 2766 2718 2809 cum
2750 2748 2872 2810 alio

274 2855 606 2937 Botryehio
637 2851 1118 2972 confundenda!

277 3061 560 3124 verrucis
592 3058 937 3140 maJ‘oribus
965 3058 1294 3122 altioribus
1325 3057 1684 3121 rotundatis
1716 3060 2006 3122 vestitae.

450 3164 751 3236 Quamvis
783 3163 1109 3245 Botryehio
1151 3160 1689 3225 matricariaefolio
1719 3158 1792 3224 A.
1829 3163 1904 3224 Β.
1941 3162 2160 3240 affine,
2203 3169 2412 3224 tamen
2453 3158 2747 3225 facillime
2790 3159 2872 3222 ab

222 3275 227 3279 ’
275 3268 397 3329 hoc
424 3267 769 3346 segmentis
799 3275 863 3329 et
890 3266 1132 3329 laciniis
1161 3265 1441 3345 arrectis,
1479 3265 1683 3330 acutis
1713 3273 1778 3326 et
1799 3266 2142 3347 segmentis
2173 3266 2219 3326 l.
2258 3265 2333 3326 O.
2370 3263 2670 3345 utrinque
2699 3270 2875 3325 atte-

276 3370 512 3449 nuatis,
544 3367 902 3432 lanceolatis
924 3367 1472 3450 distinguendum3
1511 3376 1763 3431 textura
1786 3377 2112 3449 praeterea
2139 3365 2866 3447 tenui-membranacea,

275 3474 451 3538 color
478 3472 854 3536 flavescens
914 3472 1204 3535 Panicula
1237 3471 1613 3553 plerumque
1643 3470 1788 3534 folio
1818 3469 2020 3534 sterili
2046 3470 2372 3551 paululum
2398 3470 2657 3552 longior.
2711 3471 2871 3534 Cum

273 3583 344 3642 B.
383 3576 728 3659 virginiana
759 3575 933 3638 nulla
966 3577 1264 3640 affinitas.
1325 3577 1419 3638 Ex
1452 3575 1787 3640 Germania
1822 3592 2148 3655 nunquam
2180 3573 2443 3637 formam
2477 3571 2629 3650 vidi,
2681 3592 2872 3654 quam

271 3700 393 3763 pro
426 3679 747 3761 Botrychio
778 3679 1125 3743 lanceolato
1152 3697 1404 3742 sumere
1449 3679 1786 3760 potuerim.
1847 3679 1915 3739 In
1945 3678 2177 3741 Newm.
2226 3676 2383 3738 Hist.
2421 3675 2487 3739 of
2509 3676 2661 3738 brit.
2697 3676 2871 3738 ferns

281 3786 445 3847 1854
479 3784 678 3864 figura
708 3800 852 3863 pag.
889 3782 1009 3844 324
1045 3781 1126 3845 ad
1155 3784 1232 3845 B.
1269 3781 1666 3846 lanceolatum
1696 3780 2016 3863 pertinere
2047 3776 2322 3841 videtur.

450 3885 505 3969 c)
555 3889 886 3950 Tematae.

447 3990 707 4053 Lamina
746 3988 978 4053 sterilis
1019 4006 1254 4070 semper
1293 3987 1615 4070 petiolata,
1670 3984 1961 4049 bas-ilaris
1979 4033 1997 4063 ,
2047 3987 2112 4047 in
2154 3991 2319 4049 statu
2348 3984 2620 4072 maxime
2648 3985 2875 4049 evoluto

274 4102 436 4157 certe
466 4100 730 4156 ternata.
784 4092 1104 4175 Seymenta
1134 4077 1502 4155 secundaria
1533 4091 1913 4155 catadroma.
1980 4089 2155 4152 Basis
2185 4087 2317 4152 folii
2348 4088 2561 4151 infima
2594 4107 2875 4170 gemmas

274 4194 612 4260 includens
645 4191 927 4275 undique
959 4195 1194 4258 clausa.

450 4301 515 4363 6.
566 4300 647 4361 Β.
675 4290 951 4378 simplex
991 4296 1226 4361 Hitckc.
1262 4301 1340 4360 in
1383 4297 1666 4361 Sillim.
1715 4301 1982 4362 Journ.
2030 4297 2109 4359 of
2148 4298 2455 4360 Scienc.
2490 4295 2641 4359 and
2670 4292 2870 4358 ArtS.

273 4403 412 4465 Vol.
448 4404 549 4466 Vl.
583 4421 649 4483 p.
689 4401 841 4463 103.
880 4398 1117 4483 (1823).
1154 4435 1238 4447 --
1266 4402 1515 4464 Eaton’s
1542 4400 1788 4463 Manual
1821 4401 1887 4465 of
1909 4404 2145 4483 Botany
2175 4420 2240 4482 p.
2278 4399 2451 4487 237.

447 4507 598 4584 Syn.
663 4506 731 4565 B.
770 4503 1235 4585 Kannenbergii
1265 4504 1620 4568 Klinsmann
1650 4506 1783 4566 Bot.
1824 4507 1951 4585 Ztg.
2005 4503 2211 4587 (1852)
2263 4502 2369 4566 22.
2406 4500 2600 4564 Stuck
2641 4518 2709 4581 p.
2746 4499 2872 4561 378

273 4608 575 4696 etLasch
613 4607 678 4670 in
711 4608 843 4668 Bot.
880 4609 1014 4686 Ztg.
1051 4606 1258 4690 (1856)
1299 4608 1403 4669 35.
1439 4607 1662 4670 Stuck.
1699 4627 1768 4689 p.
1824 4609 1947 4669 606
1991 4605 2034 4667 f.
2072 4623 2124 4667 s.
2163 4624 2220 4666 o.
2258 4638 2342 4654 —-
2386 4606 2456 4665 B.
2502 4603 2770 4666 Lunaria
2803 4621 2866 4665 v.

274 4708 602 4775 cordatum
633 4711 805 4773 Fries
834 4710 1089 4773 Summa
1123 4710 1333 4790 Veget.
1375 4709 1585 4794 (1846)
1625 4730 1689 4792 p.
1728 4712 1877 4775 251.
1917 4742 1994 4757 -·
2037 4710 2103 4773 B.
2144 4706 2562 4790 virginieum‘l
2610 4724 2670 4768 V.
2707 4705 2876 4771 sim-

272 4816 427 4907 plex
456 4810 531 4880 A.
570 4813 739 4898 Gray
766 4816 903 4886 Bot.
937 4813 1157 4880 North.
1196 4814 1359 4878 Stat.
1399 4813 1545 4880 602.
