3450 5367
1330 301 1656 377 Aspidium.
2680 302 2803 365 109

204 463 407 530 dense
439 462 770 547 dimorpho
788 466 1157 548 -paleacea,
1208 470 1427 550 paleae
1458 470 1691 533 alterae
1730 466 1814 532 'ssa
1826 469 2338 553 vo-l'errugineae
2367 479 2592 535 ovatae
2621 472 2804 555 longe

203 570 603 632 acuminatae
633 569 773 634 basi
804 571 1164 653 longissime
1194 570 1525 651 dentatae3
1573 574 1807 637 alterae
1836 573 2202 656 piliformeS.
2282 575 2428 637 Scri
2454 575 2797 657 majusculi.

174 753 181 758 ⁶
295 690 452 735 var.
501 673 1044 756 subtripinnatum
1076 675 1283 740 Miluo.

378 794 636 858 Lamina
668 793 751 858 ad
780 793 884 881 33!
916 795 1077 876 alta,
1126 794 1208 858 9''
1241 796 1391 876 lata,
1429 806 1755 879 segmenta
1801 799 1872 859 ΙΙ.
1910 798 1987 861 Ο.
2024 798 2235 861 infima
2271 794 2414 860 44’”
2447 798 2660 880 longa,
2702 794 2804 859 6’”

203 894 347 958 basi
379 895 528 978 lata,
564 897 876 979 profunde
905 899 1549 983 inciso-pinnatiflda,
1586 901 1850 964 laciniae
1885 903 1919 963 t
1948 902 2158 985 jugae,
2195 902 2542 983 contiguae.
2609 904 2798 967 Hont.

204 1017 452 1064 morav.

378 1119 626 1184 Exsicc.
681 1123 873 1188 Nestl.
913 1131 979 1187 et
1008 1126 1208 1208 Mouq.
1262 1123 1450 1189 4204.
1498 1161 1586 1171 -
1633 1124 1899 1189 Rabcnh.
1952 1125 2055 1190 20.
2113 1160 2190 1171 -
2246 1123 2495 1191 Brcutel
2534 1127 2681 1190 500.
2716 1160 2808 1216 —7

202 1222 377 1285 Frzbs
405 1223 593 1287 Herb.
631 1243 834 1289 norm.
868 1229 1025 1291 XIII.
1063 1230 1168 1292 96.

375 1344 552 1408 ιοοιι.
618 1324 893 1430 Spem·
934 1349 1022 1411 Fl.
1074 1350 1239 1413 Μὴ.
1291 1352 1337 1413 1.
1374 1384 1457 1399 -
1501 1350 1689 1415 mide
1734 1351 1779 1413 1.
1828 1370 1885 1413 ο.
1924 1383 2002 1397 -
2036 1349 2144 1412 Ph.
2196 1350 2286 1411 Pl.
2335 1349 2443 1414 22.
2479 1385 2562 1397 -
2620 1351 2690 1413 E.
2728 1352 2793 1412 Β.

206 1445 432 1527 Suppl.
472 1446 638 1512 2776
671 1458 770 1514 est
797 1451 992 1534 figura
1033 1451 1251 1517 dubia.

375 1568 542 1640 nab.
595 1571 663 1632 In
695 1572 837 1635 silv.
874 1573 1215 1644 umbrosis.
1254 1575 1500 1652 suecia,
1537 1574 1896 1656 Norwegia:
1931 1571 2486 1655 SoladalRyfylka,
2524 1576 2803 1637 Maerra-

202 1667 309 1731 dal
345 1671 758 1736 christianiae
800 1683 865 1738 et
894 1675 1352 1741 Holmestrand.
1387 1712 1477 1725 —
1518 1678 1773 1742 Silesia:
1824 1677 2073 1759 copiose
2119 1677 2184 1739 in
2216 1684 2409 1739 mont.
2459 1694 2702 1739 morav.
2741 1684 2806 1738 et

201 1773 541 1837 Beskiden.
580 1777 893 1842 Radoscht
936 1781 999 1843 in
1032 1779 1406 1846 Kuhlandel.
1445 1815 1523 1828 —
1572 1781 1869 1843 Saxonia.
1907 1816 1989 1827 —
2023 1782 2226 1861 Magn.
2265 1778 2411 1842 duc.
2447 1779 2683 1843 Baden.
2722 1813 2800 1826 —

204 1876 579 1940 Croatia.—-
609 1882 942 1964 Hungaria.
985 1917 1063 1930 —
1111 1886 1454 1949 Transsilv.
1512 1879 1853 1946 4-6000',
1896 1916 1973 1929 —
2006 1883 2328 1948 Caucasus
2368 1881 2579 1965 (Herb.
2629 1901 2794 1945 caes.

199 1979 370 2041 hort.
414 1979 566 2068 bot.)
621 2019 703 2033 -—
746 1983 958 2049 Amer.
1016 1989 1195 2052 bor.:
1256 1991 1492 2052 Montes
1541 1987 1689 2051 albi.
1757 1983 1992 2072 (Oakcs)
2042 1994 2107 2049 et
2138 1984 2462 2051 Mansfield
2506 1987 2803 2048 Vermont

211 2082 477 2170 (Eaton.)
509 2087 717 2150 Insula
743 2089 955 2153 Sitcha
990 2089 1272 2175 (Martem⁸
1301 2103 1366 2157 et
1395 2095 1572 2156 Peter
1601 2094 1666 2155 in
1699 2093 1890 2156 Herb.
1929 2110 2093 2156 caes.
2129 2091 2294 2154 hort.
2331 2089 2463 2153 bot.
2488 2087 2793 2173 Petrop.).

379 2205 449 2266 ln
479 2205 742 2271 Silesiae
773 2211 1095 2274 montibus
1126 2212 1486 2291 HoraviciS,
1535 2214 1645 2277 ubi
1678 2213 1833 2276 haec
1861 2214 2108 2295 species
2137 2212 2206 2274 in
2236 2210 2457 2292 fagetis
2489 2209 2804 2290 copiosis-

91 2345 97 2355 ·
201 2307 391 2389 sima,
429 2317 494 2372 et
521 2311 587 2372 in
621 2313 938 2376 montibus
970 2311 1280 2393 Beskiden
1314 2314 1547 2378 formas
1578 2325 1644 2378 et
1672 2317 2020 2398 specimina
2053 2332 2389 2379 numerosa
2420 2313 2796 2390 examinavi,

200 2421 277 2473 ut
306 2413 532 2476 merito
561 2414 939 2479 contendere
971 2418 1229 2499 possim,
1269 2417 1501 2482 formas
1517 2417 1931 2484 intermedias
1947 2422 2116 2482 inter
2128 2415 2462 2500 Aspidium
2495 2415 2796 2495 lobatum‚

201 2514 374 2577 inter
400 2515 476 2578 A.
513 2518 869 2582 aculeatum
903 2529 967 2582 et
994 2521 1066 2584 A.
1105 2523 1359 2585 Braunii
1404 2524 1662 2585 minime
1707 2541 1881 2586 raras
1913 2542 2087 2601 esse,
2136 2531 2350 2584 tamen
2397 2539 2521 2582 uon
2562 2519 2803 2601 ubique

200 2618 323 2682 hae
356 2627 485 2681 tres
516 2622 885 2704 subspecies
915 2626 1348 2688 inveniuntur.
1426 2624 1978 2709 Vulgatissimum,
2027 2626 2369 2708 praecipue
2411 2624 2476 2684 iu
2520 2622 2803 2684 boreali-

202 2721 367 2805 bus,
416 2732 515 2787 est
542 2724 616 2788 A.
654 2726 966 2809 lobatum,
1018 2729 1083 2791 in
1116 2727 1792 2794 meridionalibus:.A.
1844 2728 2230 2810 aculeatum,
2282 2726 2676 2790 rarissimum
2723 2725 2793 2786 A.

206 2825 482 2888 Braunii.
648 2824 655 2832 “

378 2950 444 3012 ln
478 2951 703 3014 insulis
733 2950 928 3016 Afric.
964 2954 1103 3017 bor.
1153 2954 1358 3018 solum
1391 2952 1461 3016 A.
1501 2952 1855 3016 aculeatum
1888 2953 2200 3035 provenit.
2269 2951 2626 3034 Specimina
2657 2951 2801 3013 Sit-

201 3051 459 3116 chenaia
488 3051 735 3136 Aspidii
769 3058 1021 3119 Braunii
1063 3054 1551 3140 ultrabipedalia
1582 3057 1837 3119 omnino
1869 3074 2014 3119 cum
2045 3056 2365 3120 Silesiacis
2394 3056 2797 3119 conveniunt.

198 3152 615 3220 Desideratur
642 3154 716 3220 A.
742 3161 1010 3225 Braunii
1035 3162 1101 3224 in
1131 3161 1379 3244 Anglia.

370 3260 553 3325 θῦεν.
592 3261 653 3325 1.
716 3261 1049 3346 Aspidium
1089 3265 1387 3348 angulare
1422 3263 1622 3329 Wiud.
1680 3261 1847 3348 (Kit.)
1905 3262 2086 3325 herb.
2137 3263 2250 3325 No.
2299 3259 2507 3326 49792
2537 3275 2805 3341 compo-

202 3366 397 3427 situm
423 3373 522 3427 est
567 3364 622 3449 4)
662 3385 743 3430 ex
773 3366 848 3430 A.
884 3370 1139 3433 Braunii
1171 3369 1446 3451 Spcnncr
1489 3367 1546 3452 2)
1587 3388 1668 3432 ex
1695 3365 1771 3429 A.
1809 3366 2095 3429 aculeato
2125 3366 2257 3430 Sw.
2293 3366 2506 3460 Kungc
2535 3372 2600 3427 et
2630 3362 2687 3447 3)
2723 3382 2804 3426 ex

201 3466 403 3530 forma
436 3466 807 3533 intermedia
840 3472 1006 3534 inter
1031 3470 1109 3535 A.
1143 3473 1398 3537 Braunii
1431 3479 1496 3533 et
1525 3470 1598 3534 A.
1638 3472 1994 3534 aculeatum
2028 3469 2070 3532 f.
2111 3487 2165 3533 s.
2204 3488 2262 3532 o.
2300 3502 2385 3517 —-

374 3568 595 3653 Aspid.
635 3572 913 3637 lobatum
939 3576 1098 3639 Holl.
1128 3576 1219 3638 Pl.
1257 3593 1390 3638 exs.
1421 3574 1652 3637 Mader.
1690 3584 1790 3638 est
1817 3573 1893 3637 A.
1924 3575 2279 3638 aculeatum
2313 3574 2444 3636 Sw.
2490 3569 2585 3653 (A.
2619 3568 2806 3632 orbi-

201 3672 483 3737 culatum
539 3676 704 3760 st.)
769 3686 831 3740 et
882 3696 1212 3761 perperam
1266 3677 1345 3740 cl.
1404 3679 1614 3741 Kunzc
1663 3676 1990 3742 contendit
2038 3678 2321 3761 plantam
2373 3671 2801 3737 Maderensem

201 3779 481 3859 speciem
510 3777 830 3844 diversam
876 3801 1038 3846 esse.
1076 3781 1189 3845 cfr.
1228 3784 1363 3844 Bot.
1400 3783 1528 3864 Ztg.
1565 3781 1765 3844 Flora.
1811 3780 1859 3864 (4
1877 3779 2020 3863 848)
2060 3776 2209 3863 pag.
2247 3781 2372 3842 358
2415 3779 2480 3840 in
2513 3784 2797 3841 annotat.

200 3879 262 3964 3)
304 3880 639 3964 Aspidium
684 3886 982 3969 angulare
1011 3885 1183 3949 Fries
1212 3882 1403 3947 Herb.
1438 3901 1643 3947 norm.
1679 3885 1838 3947 XIII.
1877 3887 1981 3947 96.
2018 3884 2100 3947 ab
2131 3882 2206 3946 A.
2243 3883 2495 3946 Braunii
2536 3899 2665 3945 non
2695 3877 2807 3943 di-

206 4002 463 4048 versum
500 3995 620 4049 est.

375 4089 556 4153 Obw.
603 4091 668 4152 2.
746 4090 1119 4156 Herbarium
1171 4093 1393 4157 Prcslii
1443 4093 1816 4157 examinans
1864 4091 2078 4154 inveni
2133 4090 2322 4153 haec:
2382 4088 2805 4171 Polystichum

201 4192 489 4256 lobatum
543 4196 651 4257 Pr.
706 4195 863 4256 nihil
916 4194 1087 4259 aliud
1140 4204 1238 4259 est
1291 4215 1364 4260 ac
1412 4195 1487 4259 A.
1546 4195 1801 4259 Braunii
1853 4214 1889 4258 e
1932 4195 2094 4258 valle
2147 4189 2805 4258 Utewalder-Grund

201 4296 536 4360 Saxoniae.
586 4299 650 4362 2.
686 4299 1020 4381 Polystiehi
1062 4300 1328 4363 aculeati
1375 4302 1478 4363 Pr,
1523 4300 1867 4382 specimina
1898 4298 2413 4361 numerosissima
2460 4296 2542 4360 ad
2572 4296 2646 4359 A.
2697 4295 2806 4357 lo-

201 4398 426 4463 batum
467 4408 753 4465 nostrum
785 4404 1137 4485 pertinent;
1174 4405 1433 4468 unicum
1464 4413 1677 4467 autem
1722 4423 1804 4467 ex
1835 4404 2103 4486 Schimp.
2152 4403 2227 4465 lt.
2279 4400 2508 4481 Abyss.
2557 4399 2680 4462 680
2722 4397 2806 4461 ad

200 4503 276 4566 A.
313 4505 669 4570 aculeatum
702 4516 988 4570 nostrum
1034 4509 1329 4589 pertinet.
1397 4508 1459 4571 3.
1497 4507 1918 4591 Polystichum
1952 4506 2248 4589 angulare
2281 4507 2381 4568 Pr.
2419 4501 2501 4567 ad
2531 4503 2605 4567 A.
2642 4519 2804 4565 acu-

199 4608 434 4671 leatum
479 4619 767 4673 nostrum
813 4612 1117 4692 pertinet,
1169 4620 1427 4693 excepto
1473 4612 1821 4692 specimine
1853 4610 2202 4692 Hungarico
2231 4607 2582 4688 Kitaibelii,
2633 4601 2804 4687 quod

199 4709 277 4772 A.
313 4713 595 4779 lobatum
638 4724 928 4780 nostrum
971 4722 1094 4779 est.
1141 4712 1218 4778 A.
1268 4714 1347 4777 cl.
1393 4713 1654 4779 manihel
1679 4712 2154 4797 Asp.'lobatum
2196 4722 2483 4777 nostrum
2514 4708 2807 4791 appella-

199 4828 341 4884 tum
373 4830 471 4885 est
496 4838 670 4884 nuno
696 4818 773 4882 A.
808 4818 1128 4901 angulare,
1167 4836 1338 4883 nunc
1366 4815 1442 4881 A.
1478 4817 1872 4900 aculeatum,
1907 4814 2035 4881 fide
2065 4834 2165 4898 sp.
2201 4816 2475 4879 herbarii
2508 4812 2756 4878 Proelii.
