3450 5367
579 241 707 326 164
1164 247 1173 254 ⁶
1680 245 2081 337 Aspidiaceae.

574 430 1037 510 vestientibus,
1089 426 1346 493 demum
1386 429 1863 494 confluentibus
1904 427 2144 513 (relicto
2173 436 2388 492 tamen
2418 428 2588 492 inter
2629 434 2976 510 utrumque
3007 441 3179 490 mar—

576 536 789 618 ginem
820 533 1158 598 intervallo
1187 530 1388 595 libero
1417 534 1604 596 seriei
1635 551 1921 596 sororum
1953 532 2351 614 aequilato.“
2387 563 2471 578 -
2513 528 2641 593 Sed
2672 530 2789 593 bae
2818 539 3010 593 notae
3040 547 3180 591 om-

577 657 693 700 nes
721 637 908 700 etiam
940 637 1008 698 in
1036 637 1139 698 Ws
1175 612 1565 716 hyperbol-‘ea
1608 634 2048 699 observandae
2091 641 2278 714 sunt,
2328 636 2383 697 si
2414 653 2497 697 ex
2527 634 2681 697 locis
2713 632 2987 696 diversis
3019 633 3176 695 Ger-

578 741 826 803 maniae
857 739 1202 821 specimina
1233 757 1599 820 comparare
1632 738 1815 802 velis.
1882 738 1978 802 Cl.
2017 737 2454 803 uaoenbnowics
2487 736 2682 800 dubie
2711 735 2795 799 ad
2825 733 3180 798 Woodsiam

575 840 1021 908 subcordatam
1065 841 1334 906 formam
1380 842 1681 922 majorem
1712 841 1998 906 adducit.
2060 840 2395 905 affirmare
2438 845 2696 922 possum
2719 887 2735 919 ,
2783 858 2886 901 me
2928 837 3178 902 omnino

575 943 843 1009 eandem
874 945 1153 1029 plantam
1184 962 1221 1005 e
1252 945 1578 1010 carinthia
1622 962 1821 1026 prope
1852 945 2277 1028 Heiligenblut
2318 942 2645 1007 collectam
2685 939 2949 1005 vidisse.
3017 943 3178 1004 Hanc

576 1050 857 1132 plantam
893 1044 1022 1112 vidi
1056 1045 1135 1111 7⁰
1179 1048 1429 1131 longam
1462 1042 1605 1111 43'''
1637 1046 1868 1126 latam,
1914 1056 1980 1110 et
2021 1047 2177 1110 haec
2207 1066 2425 1110 revera
2462 1044 2754 1109 Woodsia
2785 1046 3175 1128 hyperborea

578 1161 752 1217 statu
801 1151 1194 1216 transitionis
1242 1152 1308 1214 in
1357 1147 1715 1214 Woodsiam
1760 1149 2076 1214 ilvensem
2117 1161 2252 1232 est,
2312 1169 2346 1213 a
2386 1168 2512 1234 qua
2555 1149 2931 1232 praesertim
2977 1149 3179 1211 vesti-
3277 1194 3283 1200 .

579 1266 789 1319 mento
832 1256 1117 1337 parciore
1161 1264 1228 1317 et
1267 1255 1515 1317 laciniis
1560 1254 1894 1317 latioribus
1939 1251 2174 1317 differt.
2239 1256 2577 1335 segmenta
2626 1251 3172 1332 ovato-oblonga,

578 1360 702 1422 late
732 1357 961 1421 obtusa
1004 1355 1381 1439 pinnatifida
1400 1405 1416 1437 ‚
1462 1356 2119 1439 laciniaecontiguae,
2172 1360 2339 1421 5—6
2365 1358 2554 1438 jugae
2584 1354 3173 1437 subintegerrimae.

580 1459 913 1534 Woodsias
965 1457 1384 1524 subcordatae
1437 1458 1782 1540 specimina
1833 1477 2173 1522 numerosa
2226 1478 2310 1522 ex
2362 1458 2656 1522 omnibus
2691 1458 2853 1521 locis
2895 1456 3054 1520 vidi.
3103 1490 3176 1503 -

584 1565 875 1627 Ceterum
923 1560 1149 1625 iisdem
1190 1562 1344 1626 locis
1386 1562 1786 1626 Mancburiae
1830 1581 2084 1644 quoque
2113 1560 2446 1627 Woodsias
2486 1561 2746 1626 ilvensis
2790 1559 2991 1624 forma
3037 1558 3179 1620 vul·-

582 1667 750 1748 garis
794 1666 1041 1729 crescit.
1114 1663 1214 1729 Ad
1254 1684 1397 1747 cap.
1446 1665 1782 1756 Khacbzoll
1813 1665 2212 1728 Hancburiae
2258 1665 2341 1727 cl.
2379 1663 2598 1729 Maack
2642 1664 2994 1747 specimina
3039 1681 3176 1724 cum

584 1768 872 1832 Woodsia
915 1766 1295 1831 subcordata
1337 1770 1686 1832 crescentia
1747 1769 1926 1851 legit,
1989 1788 2155 1852 quae
2198 1768 2532 1832 manifeste
2587 1769 2932 1831 transitum
2972 1767 3042 1827 in
3081 1766 3174 1826 W.

581 1873 888 1934 ilvensem
931 1871 1321 1953 significant;
1370 1890 1516 1935 nam
1548 1881 1872 1953 segmenta
1920 1871 2058 1934 basi
2089 1870 2474 1936 subcordata
2509 1868 2610 1935 5'''
2643 1871 2868 1951 longa,
2926 1865 3029 1931 4¹¹¹
3060 1868 3177 1930 lata

580 1986 792 2038 tamen
820 1973 1081 2038 lacinias
1111 1984 1402 2038 crenatas
1439 1976 1474 2036 4
1499 1975 1683 2057 jugas
1715 1973 2069 2056 possident.

752 2074 850 2140 Ad
881 2075 1242 2140 Woodsiam
1272 2077 1732 2161 hyper-boream
1766 2080 1838 2139 R.
1864 2079 1975 2140 ΒΥ.
2015 2086 2229 2140 autem
2260 2096 2380 2141 non
2410 2078 2686 2160 pertinet
2715 2077 2818 2138 W.
2853 2076 3180 2137 mexicana

581 2184 694 2245 Fae
716 2182 784 2243 in
807 2182 990 2242 Mem.
1029 2181 1168 2254 Soc.
1207 2182 1440 2243 scienc.
1476 2190 1609 2244 nat.
1639 2180 2045 2264 Strasbourg.
2076 2183 2145 2243 Τ.
2176 2182 2249 2244 V.
2286 2180 2337 2264 (l
2354 2181 2497 2261 858)
2539 2200 2605 2262 p.
2646 2183 2747 2242 66.
2779 2180 2936 2243 Tab.
2969 2179 3172 2241 XXVI.

583 2284 685 2367 fig.
722 2284 827 2362 34,
867 2282 1124 2346 collecta
1153 2302 1190 2346 a
1222 2284 1304 2345 cl.
1340 2282 1664 2365 Schaffner
1695 2285 1759 2346 in
1785 2284 2108 2366 republica
2132 2285 2485 2347 mexicana.
2535 2285 2707 2346 Haec
2735 2285 2907 2345 enim
2940 2284 3181 2364 species

582 2387 665 2451 ad
694 2387 1036 2450 sectionem
1079 2387 1419 2448 Perriniam
1462 2385 1857 2450 numeranda
1901 2397 2002 2452 est
2042 2387 2125 2449 ob
2167 2386 2473 2469 petiolum
2515 2405 2645 2449 non
2684 2387 3089 2450 articulatum
3121 2392 3181 2446 et

583 2489 667 2553 ob
717 2488 1024 2552 fabricam
1077 2486 1336 2552 indusii.
1417 2490 1887 2572 Speciminibus
1938 2489 2357 2573 originalibus
2409 2490 2789 2554 examinatis
2842 2486 3173 2567 contendo,

581 2594 744 2655 hanc
773 2593 1051 2673 speciem
1075 2609 1111 2654 a
1140 2589 1490 2672 „Woodsia
1522 2595 1921 2657 canescens“
1955 2594 2248 2676 specifice
2271 2594 2529 2656 minime
2560 2591 2837 2657 differre.
2892 2579 3178 2657 Ceterum

581 2697 795 2779 planta
829 2714 954 2758 non
986 2692 1207 2776 glabra
1240 2702 1359 2777 est,
1399 2701 1511 2758 sed
1540 2695 1806 2759 laciniae
1837 2698 2124 2779 margine
2149 2700 2216 2760 in
2240 2697 2401 2780 pilos
2422 2697 2793 2761 articulatos
2823 2704 3082 2776 exeunt,
3121 2702 3181 2757 ct

584 2800 786 2862 rachis
818 2795 1128 2881 glandulis
1159 2796 1525 2881 cylindricis
1555 2797 1910 2890 obsitaxest.
1981 2877 1994 2890 ι

753 2901 974 2964 Planta
1006 2908 1213 2962 aetate
1233 2901 1366 2980 J'am
1399 2912 1695 2983 provecta
1728 2911 1850 2985 est,
1903 2904 2121 2987 itaque
2152 2902 2476 2968 indusium
2509 2901 2821 2987 profunde
2851 2902 3173 2986 partitum.

587 3005 679 3068 Cl.
716 3006 931 3067 Kunze
960 3004 1026 3065 in
1057 3022 1245 3084 opere
1276 3022 1391 3068 suo
1424 3007 1686 3070 Farnkr.
1722 3007 1790 3068 in
1821 3006 2011 3069 color.
2046 3004 2437 3090 Abbildung.
2502 3009 2573 3071 T.
2602 3007 2848 3071 XXXV.
2889 3025 3037 3088 pag.
3074 3005 3174 3084 7⁴,

586 3110 746 3171 hanc
778 3106 1087 3188 plantam,
1123 3124 1288 3187 quae
1319 3114 1485 3170 teste
1510 3109 1785 3173 Mettem'o
1805 3109 2101 3173 Woodsia
2126 3118 2248 3189 est,
2284 3110 2408 3173 sub
2438 3110 2693 3173 nomine
2722 3108 3183 3192 „Cheilantbes

583 3227 931 3274 canescens
962 3210 1172 3272 Kze.“
1220 3207 1585 3292 descripsit.
1623 3214 1783 3275 Loco
1815 3213 2007 3275 citato
2038 3213 2118 3276 cl.
2154 3215 2268 3275 Fae
2298 3211 2575 3291 dubitat,
2619 3231 2772 3275 num
2806 3208 2965 3274 illud
2996 3229 3184 3293 orga-

586 3332 776 3392 num,
827 3307 997 3393 quod
1043 3310 1213 3393 apud
1264 3331 1447 3376 veras
1477 3312 1809 3378 Woodsias
1852 3315 2175 3380 indusium
2218 3316 2540 3397 appellare
2583 3316 2895 3396 solemus,
2965 3331 3181 3378 revera

585 3415 910 3478 indusium
940 3415 1044 3475 sit.
1098 3414 1285 3477 Certo
1315 3414 1475 3478 illud
1505 3435 1813 3497 organum
1847 3419 2167 3481 indusium
2206 3427 2337 3494 est-3
2390 3437 2535 3481 nam
2569 3437 2790 3481 revera
2818 3417 3177 3480 membrana

587 3537 729 3581 soro
761 3517 1087 3579 substrata
1132 3527 1230 3580 est
1257 3529 1322 3581 et
1349 3517 1510 3581 illud
1556 3522 1759 3584 solum
1802 3522 2213 3600 inusitatum,
2266 3520 2439 3604 quod
2471 3519 3026 3585 baecmembrana
3056 3529 3177 3584 tam

588 3618 899 3703 profunde
929 3621 1161 3702 partita
1194 3628 1314 3683 est.
1378 3622 1670 3686 Woodsia
1701 3626 2025 3687 mexicana
2058 3624 2310 3686 indusio
2342 3625 2553 3688 minus
2582 3626 2819 3704 partito
2851 3625 3176 3687 transitum

585 3723 669 3789 ad
700 3725 1038 3786 Petriniam
1069 3721 1253 3786 Hoolc.
1294 3725 1626 3805 significat.
1695 3728 1989 3792 Ceterum
2032 3728 2224 3790 etiam
2268 3729 2333 3790 in
2380 3728 2523 3790 aliis
2569 3728 2911 3809 generibus
2941 3728 3180 3810 species

584 3827 1030 3914 inveniuntur,
1078 3845 1353 3908 quarum
1394 3826 1644 3891 indusia
1678 3847 1856 3893 soros
1887 3832 2193 3893 citissimo
2211 3830 2428 3893 nudos
2471 3832 2841 3913 relinquunt
2882 3840 2958 3895 ut
2988 3830 3179 3911 Aspi-

587 3927 762 3992 dium
809 3938 1202 3992 montanum.
1268 3930 1494 3994 Contra
1527 3939 1824 3995 naturam
1870 3934 2061 4015 igitur
2102 3952 2561 4017 pugnaremu3‚
2614 3936 2668 3997 si
2699 3933 3058 3998 Woodsiam
3103 3931 3176 3995 ad

589 4030 999 4114 Polypodieas
1029 4031 1504 4096 collocaremus.

762 4131 1167 4215 polypodium
1197 4134 1661 4215 hyperboreum
1695 4139 1874 4201 herb.
1910 4138 2115 4204 Willd.
2146 4142 2255 4204 No.
2285 4145 2309 4204 l
2326 4141 2493 4205 9692
2525 4142 2947 4222 compositum
2978 4148 3078 4204 est
3104 4158 3179 4201 ex

586 4236 881 4319 Asplenio
906 4236 1246 4402 lafnceolato
1263 4239 1460 4302 Huds.
1492 4239 1600 4303 fol.
1629 4244 1691 4303 l.
1716 4260 1732 4319 ;
1767 4260 1849 4305 ex
1872 4243 2165 4308 Woodsia
2189 4243 2459 4327 glabella
2484 4244 2591 4307 fol.
2621 4247 2712 4326 2.,
2743 4253 2809 4307 et
2831 4264 2909 4307 ex
2929 4247 3028 4308 W.
3058 4244 3179 4324 hy·-

584 4340 917 4422 perborea.
981 4386 996 4401 .
1035 4359 1092 4404 s.
1127 4360 1185 4404 o.

1663 4521 1741 4585 B.
1776 4520 2100 4586 Rufldula.

757 4634 909 4712 Syn.
955 4630 1249 4697 Woodsia
1271 4634 1531 4701 ilvensis
1556 4640 1624 4702 R.
1645 4640 1758 4700 Br.
1783 4642 2004 4705 Trans.
2034 4642 2214 4704 Linn.
2246 4641 2387 4703 Soc.
2407 4642 2508 4704 XI.
2543 4641 2689 4704 ⁴73.
2719 4673 2800 4685 ——
2827 4642 2927 4703 W.
2955 4640 3177 4702 Raiana

582 4734 814 4800 Newm.
846 4740 909 4799 F.
951 4738 1097 4800 ⁴40.
1126 4771 1200 4783 —
1236 4740 1335 4801 W.
1373 4741 1662 4820 paleacea
1692 4742 1869 4824 Opiz.
1902 4779 1983 4790 -
2016 4743 2252 4808 Preslia
2276 4741 2364 4807 id.
2391 4779 2475 4791 -—
2502 4741 2915 4828 Polypodium
2942 4744 3171 4807 ilvcnse
