3450 5367
574 329 695 392 134
1676 325 2073 399 Aspidiaceae.

563 496 1176 580 longo-acuminata,
1213 495 1503 558 infimum
1533 495 1750 557 lateris
1777 494 2124 576 superioris
2154 493 2444 576 proximo
2466 493 2752 574 brevius,
2789 491 2904 557 sed
2927 493 3178 576 longius

562 603 786 664 infimo
826 600 1043 662 lateris
1088 599 1423 662 inferioris.
1486 599 1615 662 Hoc
1659 608 2056 681 segmentum
2101 593 2553 661 secundarium
2596 597 2813 660 lateris
2857 596 3179 659 inferioris

566 707 843 787 primum
877 701 980 765 8'''
1011 703 1268 784 longum
1304 700 1655 764 secundum
1686 709 1898 765 autem
1935 698 2082 764 42”’
2111 701 2401 782 longum,
2449 702 2658 764 omnia
2691 708 3017 782 segmenta
3058 719 3178 764 se-

568 805 871 871 cundaria
896 807 1398 889 pinnatipartita,
1438 804 1690 869 inclusis
1716 802 2120 886 glaberrima.
2171 804 2410 868 Similis
2442 805 2638 888 igitur
2653 804 2927 869 laminae
2956 804 3181 867 archi-

565 919 811 974 tectura
842 917 940 973 est
971 928 1044 971 ac
1075 911 1141 971 in
1174 906 1432 991 Aspidio
1462 906 1726 972 dilatato
1757 904 2140 971 maderensi.

739 1016 1019 1076 Formam
1052 1014 1435 1095 singularem
1480 1031 1514 1075 a
1558 1013 1636 1075 cl.
1671 1010 1909 1074 Jordan
1952 1031 2148 1096 prope
2176 1013 2349 1095 Lyon
2381 1013 2451 1089 (a
2479 1008 2790 1097 Dardilly)
2844 1011 3175 1077 collectam

572 1116 703 1180 vidi
736 1117 801 1179 in
830 1118 1122 1180 herbario
1166 1117 1243 1179 cl.
1282 1116 1580 1180 Bois-sieri
1594 1136 1609 1177 ε
1656 1116 1823 1178 Folia
1857 1114 2057 1196 rigida
2102 1116 2337 1199 petiole
2367 1115 2574 1179 valido
2606 1114 2688 1178 4”
2718 1116 2900 1199 longo
2929 1125 2995 1179 et
3025 1117 3180 1179 lon-

565 1222 735 1305 giore
766 1223 1109 1299 instructa3
1162 1220 1393 1283 lamina
1436 1218 2149 1302 oblongo-lanceolata,
2199 1219 2332 1281 fere
2362 1217 2448 1283 δ”
2474 1220 2635 1301 lata,
2679 1220 3174 1303 bipinnatisecta

566 1326 911 1408 segmentis
943 1321 1338 1388 secundariis
1370 1321 1682 1406 profunde
1713 1322 2110 1405 pinnatifldis
2131 1371 2147 1403 ,
2199 1323 2744 1406 ovato-oblongis
2785 1321 3170 1402 rotundatis,

568 1431 780 1492 infima
813 1427 1188 1490 brevissime
1222 1428 1548 1509 petiolata3
1601 1426 1869 1489 laciniae
1916 1427 2254 1509 contiguae
2284 1436 2506 1510 argute
2536 1436 2852 1508 serratas,
2904 1428 3180 1510 petiolas

570 1532 854 1610 densius,
894 1531 1098 1594 rachis
1132 1531 1335 1592 laxius
1364 1529 1563 1611 paleis
1596 1530 1722 1592 late
1753 1531 2123 1595 lanceolatis
2150 1533 2348 1613 nigris
2379 1531 2629 1594 reflexis
2661 1533 2913 1594 vestita.
2973 1529 3178 1593 Indu-

571 1637 663 1700 sia
695 1633 1038 1716 subglabra
1071 1633 1353 1714 margine
1382 1630 1651 1695 deflexo.

739 1737 907 1802 Hsb.
971 1734 1284 1820 Aspidium
1325 1735 1701 1817 spinulosum
1746 1737 1993 1800 habitat
2036 1740 2376 1821 praecipue
2415 1740 2482 1801 in
2533 1739 2781 1821 Europa
2821 1733 3064 1800 boreali
3116 1745 3180 1798 et

568 1840 777 1906 media
809 1843 1090 1923 copiose3
1139 1836 1489 1903 desiderari
1525 1838 1777 1902 videtur
1806 1842 1871 1903 in
1904 1839 2077 1903 Italia
2112 1839 2545 1921 meridionali,
2599 1843 2891 1917 Graecia,
2940 1843 3175 1922 Hispa-

568 1947 693 2026 nia,
731 1964 932 2027 aequo
964 1943 1148 2007 modo
1178 1943 1435 2005 boream
1468 1960 1788 2005 summum
1824 1963 2044 2006 versus
2074 1941 2334 2026 Aspidio
2369 1946 2632 2010 dilatato
2661 1940 3057 2008 demovetur.

740 2050 808 2111 In
855 2048 1188 2112 Germania
1232 2045 1473 2108 boreali
1519 2051 1584 2107 et
1628 2047 1693 2108 in
1743 2047 1995 2129 regione
2039 2050 2380 2130 campestri
2409 2057 2477 2111 et
2523 2051 2590 2112 in
2622 2056 2951 2129 montana,
3002 2055 3068 2110 at
3111 2049 3176 2109 in

570 2153 673 2215 illa
707 2151 1020 2233 copiosius
1050 2170 1378 2229 crescens3
1431 2155 1495 2214 in
1531 2151 1867 2215 Germania
1891 2148 2284 2215 meridionali
2317 2155 2521 2217 rarius
2551 2161 2616 2215 et
2646 2171 2836 2235 saepe
2866 2171 3013 2241 cum
3043 2148 3179 2214 As·-

569 2253 740 2337 pidio
771 2251 1030 2318 dilatato
1076 2255 1427 2320 confusum.
1458 2290 1546 2304 -
1592 2253 1837 2338 Anglia.
1877 2290 1960 2301 —
1993 2255 2217 2319 Gallia.
2258 2291 2336 2303 -
2386 2257 2655 2320 Croatla.
2695 2291 2778 2303 —-
2820 2257 2891 2318 In
2924 2256 3179 2319 Comiea

571 2359 768 2422 forma
812 2356 893 2421 ad
925 2355 998 2421 A.
1053 2356 1385 2421 dilatatum
1429 2358 1693 2441 paulum
1741 2356 2050 2421 accedens
2094 2358 2452 2443 (Requmm
2505 2359 2854 2442 Petropoli3
2904 2359 3174 2436 Fennia3

570 2463 922 2545 Lapponia3
970 2462 1452 2543 Kamtsehatka,
1504 2461 1704 2550 forma
1736 2459 1819 2524 ad
1848 2460 1921 2525 A.
1956 2453 2289 2526 dilatatum
2332 2461 2663 2527 accedens.
2710 2461 3176 2543 (Eschscholtzh

571 2568 756 2629 Terra
790 2565 1185 2629 Amurensis.
1225 2598 1303 2612 -—-
1350 2565 1734 2629 Mancburia.
1767 2601 1854 2613 —
1899 2566 2021 2629 lns.
2072 2566 2321 2647 Sitcha,
2374 2566 2571 2630 forma
2619 2565 2702 2630 ad
2732 2566 2808 2629 A.
2845 2564 3173 2630 dilatatum

573 2667 883 2733 accedens
921 2668 1263 2746 (Stewart).
2999 2699 3006 2704 ·

741 2773 996 2836 Exsice.
1045 2769 1311 2835 Rabenh.
1352 2773 1454 2834 48.
1485 2807 1559 2818 -
1591 2771 1781 2835 Ehrle.
1821 2772 1922 2836 20.
1946 2806 2022 2818 —
2056 2772 2240 2837 Billot
2269 2774 2460 2837 4794.
2486 2809 2574 2821 -
2607 2773 2793 2837 Herb.
2832 2776 2921 2837 ΡΙ.
2953 2776 3167 2856 Ingric.

574 2877 721 2938 839
756 2910 842 2921 —
874 2876 1062 2938 lietb.
1098 2872 1324 2937 nordd.
1361 2873 1472 2937 ΡΠ.
1512 2875 1613 2938 37.
1640 2909 1711 2923 --
1757 2877 1930 2939 Fries
1955 2875 2143 2939 Berb.
2180 2897 2387 2942 norm.
2413 2877 2566 2941 XIII.
2606 2880 2687 2941 97
2720 2876 2901 2941 adA.
2939 2879 3175 2943 dilata-

576 2988 711 3041 tum
744 2975 1075 3041 accedens.

741 3082 920 3144 Icon.
972 3078 1259 3144 Sehkuhr
1286 3083 1386 3144 48.
1425 3115 1509 3131 -
1542 3082 1716 3146 Flora
1750 3080 1897 3146 dan.
1938 3081 2086 3147 707.
2117 3118 2199 3132 -
2230 3085 2460 3148 Newm.
2501 3085 2644 3148 457.
2674 3122 2756 3133 -
2789 3086 2861 3148 Ε.
2892 3089 2960 3151 Β.
2987 3088 3171 3151 4460.

571 3219 659 3231 —-
686 3184 901 3247 Bolton
942 3190 989 3246 t.
1026 3183 1107 3246 23
1151 3184 1265 3248 sub
1292 3187 1359 3248 P.
1413 3186 1657 3248 cristat.
1694 3222 1781 3232 —-
1825 3187 1927 3250 Ph.
1963 3186 2047 3248 Pl.
2083 3188 2187 3251 30.
2234 3219 2304 3235 -
2349 3187 2534 3253 Hook.
2585 3191 2739 3252 Brit.
2785 3189 2831 3251 f.
2868 3199 2915 3253 t.
2958 3192 3061 3253 48.
3098 3225 3175 3237 -

574 3289 775 3351 Moore
805 3289 905 3350 nr.
942 3286 986 3350 f.
1027 3289 1129 3350 43.
1168 3323 1254 3336 —
1285 3291 1466 3352 Lowe
1498 3290 1689 3352 Ferns
1720 3289 1869 3352 brit.
1907 3289 2038 3353 and
2068 3310 2167 3353 ex.
2206 3290 2336 3353 Vol.
2372 3293 2473 3356 VI.
2512 3300 2557 3354 t.
2598 3293 2702 3354 44.

1135 3459 1231 3524 De
1254 3461 1518 3540 Aspisio
1548 3463 1876 3541 spinulus
1907 3465 2190 3544 genuine
2215 3463 2606 3530 modona.

744 3580 918 3642 Inter
946 3580 1288 3661 specimina
1320 3599 1653 3646 numerosa
1688 3582 1929 3665 Aspidii
1975 3584 2286 3665 spinulosi
2314 3585 2567 3667 permina·
2594 3583 2920 3649 Americae
2949 3588 3177 3650 borea-

576 3683 688 3764 lis,
726 3700 890 3765 quae
920 3683 985 3745 in
1018 3682 1309 3747 herbario
1340 3685 1420 3748 cl.
1456 3683 1528 3749 A.
1567 3687 1838 3750 Braum'i
1863 3685 2026 3765 vidi,
2065 3687 2182 3749 has
2212 3687 2425 3750 inveni
2459 3687 2725 3753 formas:

750 3787 811 3848 4.
870 3784 1301 3851 Architectura
1333 3780 1606 3852 laminae
1637 3791 1893 3852 omnino
1923 3787 2170 3871 Aspidii
2216 3791 2525 3872 spinulosi
2569 3793 2825 3873 genuini
2856 3795 3170 3875 europaei,

574 3887 896 3954 indusium
915 3898 1043 3953 tota
1063 3893 1289 3973 pagina
1309 3902 1373 3954 et
1390 3894 1670 3976 margine
1696 3891 2019 3974 glandulis
2036 3891 2402 3975 cylindricis
2423 3894 2948 3960 unicellularibus
2970 3897 3178 3960 vesti-

574 3999 748 4070 tum,
784 3992 1018 4055 lamina
1051 3993 1348 4076 oblonga,
1399 3997 1915 4077 bipinnatisecta,
1969 4000 2319 4077 segmentis
2351 3997 2745 4060 secundariis
2774 4000 3180 4082 pinnatipar—

575 4095 711 4156 titis
743 4104 853 4157 aut
881 4095 1195 4179 oblongis,
1246 4099 1523 4180 obtusis,
1578 4109 1688 4161 aut
1719 4100 1785 4162 in
1814 4099 1956 4162 aliis
1988 4099 2445 4181 speciminibus
2476 4102 2988 4184 ovato-oblongis
3019 4121 3178 4166 acu-

576 4198 684 4258 tis,
765 4198 974 4262 Silvae
1023 4219 1222 4282 prope
1265 4202 1642 4287 Cambridge
1686 4205 2075 4268 Massachus.
2133 4211 2199 4267 et
2240 4203 2654 4287 Cambridge:
2718 4207 2941 4314 Mystie
2981 4204 3169 4269 Pond.

589 4301 790 4386 (herb.
826 4301 901 4367 A.
938 4305 1210 4384 Braun).

747 4409 809 4472 2.
863 4410 1123 4474 Lamina
1152 4409 1443 4491 oblonga,
1482 4409 1735 4478 indusia
1768 4406 2248 4493 praecedentis,
2287 4409 2616 4492 segmenta
2645 4410 3020 4478 secundaria
3053 4413 3175 4476 ob·-

574 4512 756 4595 longa
785 4514 1045 4592 obtusa,
1097 4514 1383 4577 infimum
1416 4515 1630 4576 lateris
1660 4516 2000 4598 utriusque
2029 4515 2091 4576 in
2128 4513 2266 4578 basi
2298 4513 2573 4596 laminae
2602 4518 2887 4598 proximo
2915 4517 3172 4581 brevius

572 4613 678 4699 -(ut
710 4617 774 4679 in
806 4614 880 4680 A.
920 4613 1181 4680 dilatato
1211 4617 1614 4701 maderensi).

749 4722 836 4781 3.-
859 4721 1115 4783 Lamina
1140 4719 1484 4802 deltoidea,
1525 4720 1948 4784 architectura
1980 4721 2222 4784 {ermae
2252 4722 2312 4784 4.

758 4822 817 4887 4.
867 4821 1121 4890 Lamina
1152 4823 1489 4906 deltoidea,
1528 4824 1951 4889 architectura
1982 4824 2220 4890 formae
2250 4826 2312 4889 Ξ.
2383 4871 2388 4878 -
