3450 5367
578 314 662 376 52
1669 318 2102 394 Asploniaceae.
2125 277 2132 284 ἱ

583 484 1089 568 pinnatipartita‚
1140 484 1659 568 ovato-oblonga,
1702 496 1912 567 acuta,
1969 488 2183 549 infima
2222 489 2532 570 proximis
2569 487 2869 571 longiora,
2912 488 3175 551 laciniae

580 589 914 670 oblongae,
953 596 1252 651 serratae.

752 693 932 756 leon.
1008 692 1187 754 Lowe
1219 693 1280 754 F.
1317 690 1470 753 brit.
1506 689 1634 752 and
1665 710 1770 754 ex.
1820 693 1891 753 V.
1946 700 1990 755 t.
2032 694 2135 755 Η.
2184 691 2327 776 (sub
2357 693 2428 758 A.
2468 695 2820 773 umbroso).

752 796 922 861 nab.
998 796 1070 856 In
1100 793 1395 871 Madeira,
1434 795 1740 857 Tenet-iffa
1772 803 1838 856 et
1866 795 1932 856 in
1963 793 2144 857 Azor.

753 896 826 960 A.
883 898 1144 960 axillare
1192 897 1406 960 differt
1447 917 1483 960 a
1536 897 1732 960 forma
1777 898 2042 960 normali
2083 898 2284 960 solum
2334 900 2676 981 segmentis
2730 900 2775 962 1.
2814 902 2889 963 0.
2942 900 3178 964 infimis

584 1001 999 1083 longioribus,
1068 1002 1278 1063 minus
1331 1000 1723 1062 abbreviatis
1777 1008 1842 1060 et
1893 1001 2205 1062 immerito
2256 1019 2373 1081 pro
2415 1004 2723 1067 varietate
2764 1002 2835 1065 A.
2889 1003 3174 1067 umbrosi

582 1107 886 1185 habetur,
941 1102 1112 1186 quod
1154 1104 1359 1185 primo
1405 1104 1549 1167 visu
1588 1104 1744 1166 satis
1788 1121 2109 1184 superque
2150 1103 2364 1165 differt
2405 1107 2749 1186 segmentis
2790 1108 2835 1168 1.
2873 1107 2951 1168 Ο.
2991 1107 3176 1169 basin

583 1229 761 1274 suam
817 1226 1042 1271 versus
1086 1205 1621 1272 decrescentibus.
1671 1240 1758 1269 -.-
1815 1208 1882 1267 ln
1931 1206 2249 1288 Himalaya
2298 1210 2593 1287 provenit
2635 1210 2943 1287 varietas,
3014 1227 3178 1290 quae

580 1314 663 1375 ab
710 1310 788 1374 A.
837 1309 1089 1374 axillari
1147 1308 1259 1370 vix
1318 1308 1548 1372 differt.
1652 1311 1890 1390 Sporae
1949 1307 2024 1371 A.
2089 1308 2373 1372 axillaris
2433 1319 2506 1372 ut
2559 1311 2627 1371 in
2680 1311 2877 1373 forma
2931 1312 3178 1391 vulgari

579 1416 783 1479 flavae
815 1415 1050 1476 laeves.

755 1518 943 1582 Obsv.
975 1517 1032 1577 1.
1109 1514 1437 1597 Athyrium
1481 1515 1796 1576 coi-sicum
1843 1515 2157 1577 Fecflen.
2194 1514 2284 1577 fil.
2334 1534 2398 1595 p.
2441 1516 2562 1578 ⁴86
2607 1515 2650 1577 f.
2689 1534 2742 1578 s.
2779 1536 2836 1578 o.
2885 1515 2970 1579 ad
3011 1518 3177 1580 hanc

584 1623 953 1684 varietatem
1005 1616 1251 1681 accedit
1302 1625 1366 1680 et
1419 1618 1592 1681 nullo
1646 1616 1834 1680 modo
1876 1616 1959 1679 ab
2002 1614 2084 1686 A.
2125 1618 2238 1680 Fil.
2290 1617 2436 1682 fem.
2489 1619 2786 1700 specifice
2825 1621 3178 1700 sejungen-

586 1723 738 1787 dum
769 1732 892 1786 est.

749 1827 931 1890 θῦεν.
965 1826 1053 1889 11.
1117 1822 1445 1907 Athyrium
1477 1826 1792 1888 azot-icum
1823 1823 1934 1884 Fee
1965 1820 2008 1885 f.
2035 1841 2093 1885 s,
2122 1842 2208 1902 o.‚
2246 1843 2282 1886 a
2316 1824 2394 1888 cl.
2425 1822 2819 1888 Hohenaclcer
2847 1824 3176 1888 collectum

582 1934 778 2013 magis
809 1928 891 1993 ad
921 1928 1250 2011 Athyrium
1284 1929 1616 2005 corsicum,
1666 1943 1859 2008 quam
1905 1923 1987 1986 ad
2023 1923 2096 1987 Α.
2143 1927 2408 1989 axillare
2451 1926 2716 2007 accedit,
2767 1935 2941 1989 certo
2981 1927 3065 1990 ab
3093 1924 3172 1988 A.

580 2036 696 2098 Fil.
733 2034 878 2096 fem.
916 2033 1175 2095 minime
1206 2029 1555 2093 diversum.

753 2136 939 2199 Obnv.
974 2134 1093 2196 111.
1172 2133 1599 2213 Athyrium
1644 2132 2000 2194 incisum
2037 2133 2145 2195 Fe'e
2190 2141 2289 2195 est
2334 2132 2531 2195 forma
2565 2130 2812 2215 Athyrii
2841 2133 2954 2196 Fil.
2991 2132 3171 2210 fem„

582 2257 745 2320 quae
774 2239 1033 2310 minime
1066 2254 1205 2299 rara
1238 2238 1305 2298 in
1338 2235 1670 2298 Germania
1705 2241 1825 2296 est.

752 2340 932 2403 θῦεν.
979 2339 1087 2403 lv.
1192 2340 1406 2401 Planta
1459 2337 1829 2401 Americana
1882 2337 2106 2408 habitu
2152 2340 2517 2420 Europaeae
2572 2339 2888 2402 simillima
2942 2338 3177 2401 formas

583 2444 939 2527 complures
971 2451 1277 2523 procreat,
1331 2459 1495 2524 quae
1537 2441 1603 2502 in
1633 2441 1883 2521 Europa
1928 2439 2152 2504 deesse
2186 2440 2509 2506 videntur.
2589 2439 2643 2524 a)
2695 2443 2930 2522 Speras
2975 2439 3178 2502 flavas

581 2549 814 2626 laeveS,
866 2548 931 2608 in
975 2545 1115 2609 aliis
1157 2544 1388 2606 formas
1433 2542 1772 2624 subnigras
1814 2562 2184 2609 verrucosas
2242 2546 2481 2608 inveni.
2590 2542 2654 2627 h)
2703 2543 2957 2606 Indusia
3003 2549 3178 2604 nunc

583 2648 921 2730 fimbriata,
974 2667 1145 2711 nunc
1187 2648 1348 2710 ciliis
1389 2648 1455 2708 in
1496 2644 1830 2728 glandulas
1875 2666 2131 2729 magnas
2175 2647 2608 2730 hyacinthinas
2650 2646 3034 2710 exeuntibus
3063 2647 3179 2706 in-

580 2762 847 2817 structa.
956 2748 1309 2832 Glandulae
1358 2750 1682 2831 stipitatas
1736 2750 1924 2811 etiam
1980 2752 2140 2813 soris
2192 2751 2515 2812 immixtas
2566 2747 2885 2812 interdum
2929 2749 3173 2812 inveni.

581 2854 632 2939 c)
686 2857 940 2919 Lamina
985 2853 1215 2918 subtus
1258 2860 1369 2915 aut
1411 2850 1625 2933 glabra
1657 2859 1790 2931 est,
1850 2861 1961 2915 aut
2002 2853 2148 2934 pilis
2192 2852 2395 2935 longis
2440 2851 2838 2935 cylindricis,
2898 2852 3174 2930 obtusis,

585 2958 750 3019 4-2
782 2956 1191 3021 cellularibus
1222 2955 1427 3018 obsita
1460 2963 1580 3017 est.
1660 2956 1792 3018 Huc
1820 2956 2178 3037 pertinent:
2231 2954 2564 3038 Athyrium
2612 2954 3035 3037 asplenioides
3067 2955 3181 3016 Fee

581 3071 647 3124 et
677 3060 867 3123 Presl.
928 3061 1032 3143 (—
1062 3055 1395 3140 Aspidium
1427 3058 1554 3121 Sw.
1591 3092 1678 3102 —
1720 3056 2096 3139 Asplenium
2125 3055 2459 3139 Athyrium
2491 3057 2808 3142 Spienqel)
2861 3068 2925 3120 et
2966 3057 3181 3138 Athy-

583 3166 743 3226 rium
778 3163 1107 3225 Michauxii
1151 3162 1258 3224 Fde
1311 3158 1700 3244 (Asplenium
1743 3161 1887 3243 Spr.
1937 3195 2022 3208 —-
2073 3159 2403 3242 Aspidium
2446 3172 2783 3244 angustum
2836 3160 3041 3225 Willd.
3097 3189 3179 3206 --

581 3267 950 3349 Asplenium
983 3266 1211 3329 elatius
1254 3262 1456 3347 Link).
1544 3264 1764 3328 Planta
1806 3262 2176 3326 Americana
2220 3260 2406 3346 digna
2451 3275 2570 3346 est,
2625 3281 2787 3347 quae
2828 3284 2906 3329 ex
2951 3262 3182 3327 diver-

582 3372 850 3434 sissimis
882 3368 1246 3449 regionibus
1276 3369 1631 3431 accuratius
1663 3368 2083 3434 examinetur.

754 3472 933 3535 θῦεν.
971 3474 1048 3534 V.
1126 3471 1457 3552 Athyrium
1489 3463 1878 3552 cyclosorum
1908 3472 2100 3553 Rupr.
2133 3464 2330 3532 Beitr.
2368 3471 2464 3532 111.
2508 3473 2557 3545 (l
2576 3467 2719 3552 845)
2770 3490 2836 3552 p.
2878 3472 2946 3532 4⁴
3003 3471 3182 3533 nullo

587 3574 769 3639 modo
801 3575 883 3637 ab
916 3575 989 3636 A.
1027 3574 1137 3635 Fil.
1173 3573 1319 3638 fem.
1352 3573 1585 3635 differt.
1666 3574 2087 3637 Unalaschka.
2166 3571 2433 3651 Kadjak.
2512 3575 2752 3652 Sitcha.

754 3679 936 3741 θῦεν.
970 3678 1080 3741 vl.
1158 3678 1228 3740 In
1273 3676 1565 3741 herbario
1609 3697 1740 3760 reg.
1780 3676 1977 3740 Berol.
2027 3678 2182 3739 haec
2217 3676 2555 3757 originalia
2599 3675 2683 3737 cl.
2721 3677 2884 3757 Bury
2927 3676 3168 3752 insunt,

582 3802 745 3866 quae
788 3782 869 3844 ad
911 3779 986 3844 A.
1020 3781 1133 3842 Fil.
1185 3779 1482 3845 seminam
1524 3783 1887 3863 pertinent:
1949 3778 2283 3861 Aspidium
2326 3776 2740 3859 cochleatum.
2788 3777 2863 3841 A.
2901 3780 3179 3842 acrosti-

583 3883 860 3965 choides,
897 3883 968 3946 A.
1005 3884 1264 3947 lineare.
2462 3957 2468 3964 ⁹

754 3988 937 4051 θῦεν.
971 3987 1113 4051 vn.
1191 3984 1521 4069 Aspidium
1566 3987 1950 4060 Pontederae
1991 3984 2170 4047 herb.
2214 3984 2414 4047 wind.
2453 3985 2562 4046 No.
2605 3984 2811 4048 19812
2845 3992 2944 4047 est
2974 3981 3180 4066 Athy-

584 4090 746 4152 rium
780 4091 915 4153 filix
945 4088 1200 4169 femina,
1237 4108 1362 4152 non
1397 4091 1785 4172 Cystopteris
1817 4089 2077 4173 fragilis.
2127 4087 2292 4151 conf.
2328 4089 2529 4150 Moore
2557 4085 2694 4149 Ind.
2735 4086 2821 4149 fil.

755 4192 939 4254 θῦεν.
972 4191 1147 4257 vm.
1225 4189 1593 4272 Asplenium
1628 4194 1971 4256 rhaeticum
2003 4191 2184 4254 herb.
2227 4190 2432 4255 Witld.
2470 4192 2579 4254 No.
2618 4192 2827 4254 19823
2871 4210 2954 4253 ex
2997 4199 3178 4271 parte

585 4293 667 4356 ad
695 4291 770 4355 A.
811 4294 1036 4356 filicem
1069 4294 1387 4375 feminam,
1440 4314 1519 4358 ex
1549 4304 1732 4377 parte
1764 4296 1846 4359 ad
1881 4298 2053 4379 Cyst.
2091 4296 2374 4378 fragilem
2410 4311 2547 4357 var.
2583 4301 2985 4376 angustatam
3005 4312 3178 4375 -per-

586 4398 770 4459 tinet.
1507 4439 1513 4444 -

752 4500 936 4564 Obnv.
970 4499 1084 4564 IX.
1162 4498 1531 4583 Asplenium
1578 4501 1840 4564 axillare
1876 4502 2100 4567 Willd.
2133 4501 2311 4564 herb.
2359 4503 2473 4565 No.
2514 4501 2720 4566 4‘9820
2762 4521 2846 4565 ex
2885 4509 3068 4584 parte
3097 4500 3181 4564 ad

585 4603 659 4666 A.
700 4605 785 4666 fil.
826 4603 1121 4666 feminam
1154 4598 1337 4666 form.
1375 4622 1620 4685 europ.‚
1662 4624 1735 4666 ex
1765 4614 1946 4687 parte
1977 4605 2058 4669 ad
2087 4625 2223 4668 var.
2261 4605 2525 4667 axillare
2555 4604 2851 4686 pertinet.

754 4709 942 4771 θῦεν.
979 4709 1062 4770 X.
1143 4707 1499 4789 Specimina
1546 4708 1790 4790 Athyrii
1831 4710 1920 4771 fil.
1958 4710 2105 4771 fem.
2152 4710 2217 4770 in
2258 4709 2383 4771 ins.
2434 4705 2676 4787 Kadjak
2716 4709 2974 4771 collecta
3021 4709 3180 4771 miro

586 4810 769 4875 modo
799 4811 880 4873 ad
914 4830 1048 4876 var.
1085 4810 1347 4876 axillare
1375 4808 1710 4875 accedunt.
