3450 5367
635 287 761 360 180
1705 295 2168 355 omanem.

810 465 1045 547 Ceylon
1098 463 1458 547 (Walloer);
1506 464 1713 525 insula
1749 466 1951 525 Luzon
1993 461 2319 544 (Eueni-em
2373 464 2496 525 ins.
2533 464 2740 525 Luzon
2787 464 3076 544 provinc.
3113 464 3228 527 c·-

636 568 915 632 marines
976 566 1252 650 (συκέης
1304 567 1391 632 ΡΙ.
1451 566 1789 648 philippin.
1851 569 1965 630 No.
2018 567 2204 648 473);
2273 568 2623 648 Hongkoug
2676 566 2916 628 Ghinae
2977 565 3222 647 (Hencez

638 670 1107 753 Schollmie‘ller).
1465 665 1509 693 ”·

812 772 1181 837 Osmundae
1213 773 1570 838 Preslianae
1599 774 1716 836 has
1749 773 1878 835 lolii
1909 773 2144 835 formas
2167 772 2333 835 vidi:
2390 772 2444 853 4)
2484 772 2724 834 Folium
2755 781 2958 833 totum
2989 771 3220 846 sterile;

639 877 699 959 2)
740 878 977 941 Folium
1005 875 1282 940 medium
1306 876 1537 955 fertile,
1575 896 1738 958 apex
1755 877 1828 937 'et
1849 875 2024 939 basis
2057 875 2186 938 folii
2218 877 2492 952 sterilia;
2531 874 2588 958 3)
2631 875 2810 956 Apex
2833 873 2969 935 lolii
2993 873 3222 952 fertilis,

637 979 815 1043 basis
844 981 1122 1061 sterilis;
1170 982 1226 1063 4)
1266 981 1443 1043 Basia
1474 979 1603 1042 folii
1634 978 1894 1058 fertilis,
1931 998 2094 1060 apex
2123 981 2384 1043 sterilis.

809 1083 875 1147 Β.
940 1085 1006 1148 0.
1034 1086 1344 1166 javtnic·
1374 1084 1585 1147 Blzme
1613 1082 1845 1145 Enum.
1879 1084 1970 1165 pl.
1999 1083 2133 1162 jav.
2170 1102 2236 1165 p.
2269 1085 2420 1146 252.
2452 1115 2534 1130 —-·
2565 1083 2708 1145 Κκ.
2743 1081 3014 1143 Farnkr.
3048 1079 3222 1142 color.

636 1185 937 1267 Abbildg.
984 1185 1195 1270 (⁴849)
1232 1206 1294 1269 p.
1328 1186 1436 1249 27.
1472 1185 1605 1249 tab.
1644 1187 1793 1248 444.

808 1290 983 1354 Folia
1012 1288 1429 1370 ultrapedalia
1462 1290 1954 1353 tenui-cariacae
1975 1290 2374 1373 pavescenda
2412 1290 2668 1371 glabra3
2716 1289 2946 1351 ma
2977 1287 3225 1367 oblonga

638 1395 998 1457 acuminata
1053 1394 1235 1475 longe
1278 1393 1573 1473 petiolata
1612 1395 1904 1474 pennata,
1962 1396 2190 1476 pennae
2225 1394 2587 1475 mactatae,
2647 1411 2684 1454 e
2724 1390 2863 1453 basi
2911 1398 3228 1473 anquam

638 1497 921 1562 celeriter
948 1496 1215 1559 dilatata
1244 1496 1870 1560 lineali-lanceolam
1901 1500 2078 1580 apice
2101 1516 2340 1580 smper
2378 1496 2807 1577 antemnae
2835 1494 3076 1574 mseras
3103 1512 3231 1555 ere-

639 1609 824 1663 natae
852 1600 897 1661 l.
931 1597 1358 1683 ρύιπαῑίῑοὸαε,
1396 1601 1597 1661 crem}
1618 1608 1795 1663 acute
1824 1600 2109 1679 dentatis,
2144 1602 2322 1664 nervi
2341 1598 2697 1663 munderis·
2711 1581 3067 1677 sinplicite'r
3094 1595 3232 1675 sttr-

641 1703 767 1766 eati
809 1704 854 1766 l.
915 1702 1239 1766 dichotomi
1280 1721 1591 1785 nunquam
1630 1705 1910 1784 pinnam
1959 1706 2189 1787 phuae
2240 1702 2470 1786 fertiles
2519 1702 2900 1783 plerumque
2937 1697 3226 1774 laterales,

640 1807 848 1871 rarius
874 1805 1242 1869 terminales
1269 1815 1333 1868 et
1366 1806 1679 1868 laterales.

811 1899 979 1974 Hah.
1044 1911 1170 1972 Ins.
1203 1913 1380 1972 Java.
1458 1908 1723 1991 (munte.
1783 1909 2148 1995 Zollt‘nqer).

816 2031 908 2074 va
929 2033 980 2074 r.
1035 2013 1188 2076 min
1209 2031 1311 2075 or.
1349 2048 1435 2059 —
1466 2015 1703 2078 Pinnae
1734 2023 2041 2097 angustae
2070 2013 2536 2095 integerrimae.

812 2117 964 2195 Syn.
1031 2118 1109 2180 Ο.
1144 2116 1449 2180 Vacbellii
1482 2114 1667 2179 Hook.
1714 2118 1801 2180 lc.
1835 2119 1928 2200 pl.
1963 2125 2009 2179 t.
2053 2119 2156 2180 45.
2192 2115 2238 2178 f.
2275 2136 2331 2179 s.
2368 2135 2429 2178 o.
2463 2149 2548 2162 -
2583 2114 2778 2177 Chim
2818 2110 3232 2197 (Gmadielzaud

642 2220 708 2280 in
741 2218 920 2280 herb.
959 2238 1088 2299 reg.
1128 2218 1353 2301 Berol.)
1411 2221 1587 2302 {long
1619 2222 1798 2302 Kong
1830 2221 2093 2284 Chinae.
2138 2219 2342 2302 (herb.
2378 2217 2664 2301 Becker).

816 2319 1171 2385 Osm‘undae
1208 2322 1537 2402 javanicae
1580 2321 1724 2385 folia
1774 2322 1903 2386 vidi
1947 2325 2324 2406 plerumque
2381 2319 2588 2383 media
2633 2319 2903 2399 fertilia,
2963 2319 3142 2399 apice
3178 2324 3233 2376 et

646 2426 785 2489 basi
816 2426 1097 2501 sterilia:
1134 2428 1338 2488 rarius
1370 2426 1550 2506 apice
1581 2425 1812 2489 fertilia
1845 2436 1910 2488 et
1941 2426 2077 2488 basi
2109 2424 2373 2489 sterilia.

815 2548 956 2593 var.
990 2529 1315 2593 Vaehellii
1345 2529 1485 2591 basi
1516 2528 1762 2608 fertilis,
1801 2532 1979 2611 apice
2011 2530 2246 2592 sterilis
2278 2526 2619 2589 observata
2649 2534 2772 2587 est.

816 2631 1181 2696 Osmundae
1224 2633 1580 2695 Preslianae
1635 2634 1982 2713 specimina
2041 2629 2558 2696 numerosissima
2617 2628 3043 2710 pulcherrima
3097 2622 3231 2696 vidi,

646 2734 1013 2799 Osmundae
1042 2735 1344 2798 Vachellii
1388 2734 1531 2797 folia
1578 2733 1705 2797 duo
1751 2736 1989 2798 sterilia
2033 2745 2098 2798 et
2128 2734 2254 2796 duo
2287 2731 2545 2811 fertilia,
2599 2728 2968 2794 Osmundae
2989 2729 3238 2807 javani-

645 2857 756 2901 cae
785 2838 1134 2920 fragmenta
1160 2839 1460 2901 nonnulla
1494 2847 1558 2901 et
1586 2856 1786 2919 pauca
1818 2838 1964 2900 folia
1996 2838 2348 2919 completa;
2377 2838 2619 2918 „itaque
2660 2841 2836 2896 certo
2863 2832 3237 2895 contendere

647 2961 773 3004 non
806 2960 1084 3036 possum,
1124 2942 1188 3004 id
1221 2940 1392 3023 quod
1425 2941 1691 3004 fortasse
1725 2960 1944 3004 revera
1973 2942 2064 3004 ita
2095 2960 2165 3004 se
2196 2940 2409 3019 habet,
2449 2935 2850 3001 Osmundam
2873 2938 3042 2998 enim
3063 2938 3240 2997 Pres-

645 3046 917 3123 lianamae,
970 3045 1431 3106 interveniente
1464 3044 1794 3107 Osmunda
1826 3045 2127 3107 Vachellii
2149 3092 2166 3123 ,
2216 3044 2490 3106 transire
2539 3044 2603 3103 in
2635 3038 3036 3103 Osmundam
3059 3039 3239 3117 java-

644 3150 872 3211 nieam.
970 3149 1187 3212 Differ-t
1228 3150 1395 3210 enim
1444 3149 1522 3211 Ο.
1571 3149 1891 3212 Presliana
1934 3148 2018 3210 ab
2062 3148 2140 3209 Ο.
2194 3147 2483 3227 javanica
2526 3145 2735 3208 colore
2776 3143 3148 3205 obscuriore
3188 3147 3242 3200 et

646 3254 859 3333 pinnis
889 3271 1093 3334 usque
1124 3251 1207 3314 ad
1237 3254 1482 3334 apicem
1512 3261 1869 3314 extremum
1911 3251 2205 3326 serratis;
2252 3251 2319 3312 in
2351 3245 2679 3311 Osmunda
2706 3247 2998 3327 javanica
3036 3244 3238 3308 folium

647 3353 949 3435 pallidius
979 3365 1044 3417 et
1072 3357 1410 3438 pinnarum
1442 3376 1607 3438 apex
1638 3373 1894 3436 semper
1924 3356 2367 3435 integerrimus
2398 3370 2542 3415 esse
2573 3351 2864 3431 videtur„
2916 3368 3069 3431 pars
3104 3348 3244 3428 piu-

652 3476 876 3519 narum
920 3458 1180 3521 inferior
1222 3478 1410 3541 saepe
1454 3466 1741 3536 crenata,
1805 3476 2134 3540 nunquam
2184 3463 2451 3518 serrata.
2528 3455 2826 3516 Nervatio
2869 3454 2935 3514 in
2983 3460 3241 3531 utraque

648 3562 865 3641 specie
907 3559 1250 3624 admodum
1295 3566 1506 3641 varia,
1563 3565 1628 3625 in
1678 3564 1891 3643 pinnis
1931 3559 2357 3641 integerrimis
2398 3557 2907 3638 simplicissima,
2959 3573 2995 3616 e
3042 3553 3244 3615 nervis

648 3665 1029 3746 simpliciter
1056 3666 1316 3729 turcatis
1360 3664 1652 3744 formata3
1701 3666 1890 3728 etiam
1933 3663 2203 3742 majores
2245 3669 2604 3723 serraturae
2648 3661 2936 3722 existunt
2979 3665 3047 3719 et
3074 3654 3246 3718 nervi

650 3770 1034 3845 crebriores,
1103 3779 1177 3833 ut
1217 3768 1493 3852 denique
1546 3769 1829 3833 costulae
1873 3764 2290 3831 secundariae
2345 3765 2560 3848 nervis
2605 3763 2915 3825 tertiariis
2957 3763 3248 3842 pinnatae

650 3873 960 3953 existant,
1006 3881 1081 3934 ut
1112 3874 1175 3935 in
1221 3873 1416 3935 forma
1446 3872 1899 3937 banksiaefolia
1935 3866 2304 3933 Osmundae
2335 3867 2717 3931 Preslianae.
2783 3867 2851 3927 ln
2885 3862 3247 3927 Osmundae

645 3976 975 4053 javanicae
1022 3977 1216 4038 forma
1260 3978 1474 4059 pinnis
1518 3993 1738 4057 grosse
1776 3975 2050 4036 crenatis
2091 3971 2324 4034 eximia
2380 3987 2611 4031 crenae
2649 3968 2799 4031 illae
2852 3967 3155 4048 aequales
3194 3973 3252 4025 et

655 4076 860 4139 medio
889 4079 1319 4141 acutiusculae
1348 4086 1528 4154 sunt,
1568 4097 1689 4140 nec
1718 4085 1793 4139 ut
1823 4079 1890 4139 in
1923 4078 1999 4139 Ο.
2034 4074 2355 4136 Presliana
2383 4072 2749 4153 inaequales
2779 4080 3008 4134 acutae
3037 4086 3247 4131 serra-

655 4192 836 4243 turae
876 4180 1325 4259 inveniuntur3
1389 4201 1507 4243 nec
1551 4199 1830 4263 unquam
1891 4180 1958 4240 in
2001 4180 2077 4241 Ο.
2121 4178 2410 4265 javanica
2457 4175 2768 4238 costulam
2811 4170 3250 4235 secundariam

653 4285 1029 4347 existentem
1072 4283 1235 4364 vidi,
1284 4303 1536 4366 semper
1565 4285 1745 4346 nervi
1792 4279 2153 4345 secundarii
2197 4289 2309 4343 aut
2337 4278 2740 4359 simpliciter,
2792 4285 2906 4338 aut
2948 4274 3252 4355 repetito-

654 4386 881 4449 iurcati
912 4395 977 4450 et
1007 4386 1348 4449 dichotomi
1379 4388 1826 4450 observantur.
1867 4383 1962 4466 ,ld
1993 4384 2419 4447 certissimum
2451 4390 2583 4458 est,
2623 4377 2707 4442 ad
2737 4378 2986 4461 species
3016 4375 3252 4439 distin—

653 4488 935 4572 guendas
965 4489 1531 4571 apudsosmundas
1562 4491 1934 4571 nervatione
1964 4487 2331 4551 cautissime
2361 4481 2670 4547 utendum
2703 4500 2867 4544 esse.

825 4596 1075 4659 observ.
1125 4596 1184 4655 1.
1256 4596 1666 4675 „Planesium
1706 4591 2272 4656 bromeliaefolium
2302 4586 2529 4652 Presl“
2576 4584 2792 4647 differt
2830 4603 2866 4644 a
2915 4580 3261 4661 „Planasia

654 4697 1110 4763 banksiaefolio
1148 4698 1375 4760 Presl“
1420 4697 1520 4759 his
1575 4699 1778 4760 notis:
1838 4697 2074 4758 Pinnae
2116 4694 2258 4756 basi
2301 4690 2700 4771 integerrima
2745 4691 3014 4778 cuneata
3058 4681 3262 4763 magis

533 4853 543 4870 ,
657 4802 980 4886 elongata,
1028 4803 1259 4888 petiolo
1306 4799 1407 4869 6'''
1441 4801 1624 4890 longo
1657 4801 2035 4887 instructae,
2073 4795 2232 4863 9--4
2248 4792 2327 4868 0”
2359 4793 2612 4883 longao,
2653 4786 2757 4860 5'''
2788 4788 2989 4868 Ῐᾶωθς
3037 4802 3260 4856 Gom·
