3450 5367
1342 315 1665 375 Osmunda.
2357 323 2378 330 ‘
2678 310 2801 377 185

198 487 346 548 illae
387 484 708 547 adhibitae
754 485 1013 545 minime
1053 501 1280 564 graves
1320 494 1491 546 sunt.
1563 483 1618 564 4)
1673 484 2001 547 Osmunda
2048 486 2272 566 regalis
2318 483 2691 565 saepissime
2741 486 2802 546 in

200 589 457 653 medum
489 587 762 650 Plenasii
796 586 999 649 medio
1032 586 1254 649 fertilis
1287 595 1350 648 et
1382 590 1559 669 apice
1592 588 1827 648 sterilis
1861 589 2212 667 invenitur,
2262 587 2412 649 dum
2446 588 2801 649 Plenasium

193 693 558 772 javanioum
605 701 669 753 et
700 688 1235 753 Osmundastrum
1270 692 1772 753 cinnamomeum
1804 693 1981 774 apice
2013 691 2236 752 fertilia
2272 691 2685 772 proveniunt,
2733 699 2804 752 ut

203 793 575 858 Osmundae
608 812 813 855 verae.
881 795 1048 867 Quin
1096 794 1284 855 etiam
1332 795 1394 855 in
1431 793 1793 874 regionibus
1825 796 2086 876 tropicis
2119 792 2443 856 Osmunda
2478 794 2706 873 regalis
2739 794 2802 855 in

203 895 463 960 modum
496 896 864 960 Osmundae
907 899 1378 959 cinnamomeae
1423 896 1812 959 fructificans
1856 897 2270 971 observatur,
2324 907 2395 959 ut
2425 898 2625 958 altera
2660 897 2802 958 solia

201 1002 459 1066 omnino
503 1000 775 1071 sterilia,
825 1000 1021 1062 altera
1056 1001 1308 1062 omnino
1355 999 1584 1062 fertilia
1618 1001 1916 1063 existant.
1967 999 2042 1081 2)
2087 1002 2151 1061 ln
2186 997 2510 1063 Osmunda
2546 997 2802 1081 quidem

201 1105 386 1167 nervi
420 1104 695 1185 denique
725 1121 977 1182 semper
1007 1102 1071 1163 in
1102 1102 1280 1165 sinus
1316 1101 1462 1184 (non
1497 1098 1561 1164 in
1592 1101 1871 1186 dorsum)
1912 1103 2196 1166 dentium
2228 1114 2606 1175 excurrunt,
2644 1112 2710 1165 at
2739 1105 2804 1164 in

201 1206 667 1272 Osmundastro
710 1214 774 1268 et
807 1206 1085 1268 Plenasio
1131 1206 1240 1266 ille
1280 1205 1590 1269 decursus
1623 1226 1960 1269 nervorum
2005 1208 2374 1289 saepissime
2416 1226 2543 1269 non
2573 1208 2806 1269 obser-

204 1311 490 1390 vandus,
544 1309 691 1391 quia
722 1306 944 1371 dentes
977 1317 1446 1390 segmentorum
1477 1312 1734 1372 omnino
1766 1311 1917 1372 nulli
1964 1308 2200 1373 adsunt
2243 1319 2306 1372 et
2333 1312 2398 1372 in
2431 1307 2803 1373 Osmunda-

202 1425 339 1478 stro
370 1411 645 1496 denique
674 1412 1047 1491 saepissime
1088 1413 1270 1473 nervi
1301 1412 1366 1472 in
1409 1413 1588 1476 sinus
1620 1422 1685 1475 et
1713 1415 1893 1477 nervi
1940 1414 2002 1476 in
2051 1412 2307 1477 dorsum
2339 1433 2669 1477 crenarum
2707 1416 2805 1475 vel

201 1516 496 1580 dentium
538 1525 948 1578 excurrentes
987 1516 1423 1578 inveniuntur.
1489 1513 1549 1597 3)
1604 1516 1671 1577 In
1717 1517 2001 1579 Plenasio
2046 1535 2297 1597 quoque
2340 1520 2517 1579 nervi
2561 1518 2807 1598 pluries

202 1621 432 1683 turcati
462 1629 527 1682 et
556 1619 799 1699 pinnati
831 1618 1199 1699 saepissime
1222 1619 1663 1681 observantur.

380 1720 752 1786 Distributio
784 1721 1254 1785 Osmundarum
1287 1722 1638 1785 secundum
1674 1723 1938 1804 patriam
1973 1726 2227 1785 omnino
2262 1721 2620 1802 rejicienda,
2662 1742 2804 1784 nam

206 1827 284 1889 Ο.
320 1825 548 1907 reqalis
576 1826 642 1886 in
671 1826 939 1906 Europa,
979 1826 1155 1904 Asia,
1195 1824 1404 1887 Africa
1439 1835 1502 1888 et
1532 1826 1843 1904 America,
1886 1826 1958 1887 Ο.
1992 1825 2393 1907 Glaytoniana
2423 1827 2488 1887 in
2520 1826 2806 1887 Amen-ica

201 1939 271 1993 et
312 1928 490 2003 Asia;
542 1928 614 1989 Ο.
667 1930 1082 1992 cinnamomea
1123 1930 1189 1991 in
1233 1930 1514 1992 America
1558 1938 1622 1991 et
1663 1930 1808 1991 Asia
1856 1930 2290 1990 inveniuntur.
2370 1929 2558 1991 Multo
2601 1930 2832 2009 aptior‘

204 2031 467 2096 videtur
496 2031 725 2094 divisio
758 2032 823 2091 in
1696 2083 1703 2088 .

382 2135 439 2217 4)
494 2132 857 2196 Osmundas
891 2136 1206 2214 pinnatas.
1267 2133 1363 2216 (O.
1394 2136 1679 2214 javanica
1712 2136 1848 2210 Bl.,
1890 2136 1966 2197 O.
2003 2134 2319 2196 Presliana
2354 2133 2542 2217 Sm.).

384 2237 439 2320 2)
496 2234 857 2300 Osmundas
882 2238 1268 2317 bipinnatas.
1316 2237 1415 2321 (O.
1448 2239 1673 2320 regalis
1696 2242 1794 2317 L.,
1833 2240 1907 2301 O.
1941 2239 2150 2300 lancea
2182 2237 2437 2317 Tkunb„
2476 2242 2551 2303 O.
2581 2239 2807 2320 bipin-

206 2352 359 2405 nata
393 2338 638 2418 Hook.).

382 2447 442 2522 3)
495 2441 859 2506 Osmundas
891 2445 1221 2524 pinnatas,
1269 2443 1483 2523 pinnis
1530 2444 2046 2526 pinnatipartitis.
2123 2448 2217 2528 (O.
2260 2448 2667 2528 Claytoniana
2705 2448 2801 2525 L.‚

205 2549 282 2611 Ο.
323 2547 755 2620 cinnamomea
785 2546 915 2630 L.).

1006 2702 1073 2765 Ο.
1139 2704 1409 2765 Lamina.
1438 2704 1678 2767 sterilis
1707 2706 2001 2782 pinnata.

381 2844 444 2905 5.
510 2840 582 2904 Ο.
617 2841 950 2903 Ρτοὼωιο.
988 2842 1048 2904 J.
1085 2841 1281 2904 Smith
1313 2842 1538 2904 Enum.
1577 2842 1665 2903 fil.
1704 2842 1972 2922 philipp.
2010 2842 2074 2902 in
2106 2839 2295 2903 Hook.
2330 2840 2637 2902 Journ.of
2673 2840 2800 2903 bot.

203 2948 307 3009 ΙΙΙ.
357 2944 403 3027 (4
421 2944 563 3027 844)
604 2965 665 3020 p.
706 2945 851 3005 420.
896 2979 970 2989 --
1019 2943 1192 3007 Presl
1218 2945 1440 3024 Suppl.
1481 2947 1659 3007 Tent.
1699 2943 1932 3006 Pterid.
1981 2944 2186 3028 (4847)
2228 2965 2292 3026 p.
2330 2942 2530 3005 326J.
2569 2964 2622 3007 s.
2661 2944 2756 3008 ο.)

384 3049 532 3126 Syn.
601 3047 951 3109 Plenasium
997 3047 1523 3128 banksiaefolium
1569 3049 1744 3111 Presl
1771 3050 1950 3109 Tent.
2003 3046 2231 3109 Pterid.
2290 3045 2495 3129 (4837)
2537 3067 2603 3129 p.
2658 3049 2802 3111 440.

206 3152 250 3214 f.
290 3171 343 3215 s,
382 3171 440 3212 o.
475 3186 561 3197 —
595 3148 865 3230 Abhdlg.
903 3150 1119 3211 Bohm.
1159 3151 1557 3214 Gesellschft.
1595 3154 1669 3214 V.
1717 3154 1763 3227 (4
1783 3150 1923 3232 848)
1983 3171 2044 3232 p.
2079 3151 2228 3212 325.
2266 3186 2349 3196 -
2377 3149 2807 3232 Nephrodium

205 3254 732 3318 banksiaesolium
764 3241 944 3316 Presl
970 3253 1217 3334 Reliqu.
1283 3255 1699 3318 Haenkeanae
1731 3258 1775 3318 l.
1824 3253 1870 3338 (4
1887 3253 2030 3337 825)
2070 3274 2135 3335 p.
2173 3257 2278 3315 34.
2318 3288 2400 3300 -
2445 3253 2807 3334 Asplenium

205 3376 471 3422 aureum
508 3357 718 3419 Blume
751 3358 978 3418 Eoum.
1014 3356 1103 3436 pl.
1132 3359 1266 3436 jav.
1305 3378 1370 3438 p.
1412 3359 1554 3421 485.
1604 3360 1650 3441 (4
1669 3357 1841 3440 830).
1876 3358 1921 3421 f.
1959 3378 2015 3421 s.
2051 3378 2109 3420 o.

385 3461 677 3522 Rhizoma
710 3461 902 3522 breve
927 3458 1278 3541 obliquum.
1347 3461 1511 3523 Folia
1542 3445 1790 3543 pedalia
1823 3471 1887 3525 et
1911 3459 2327 3542 ultrapedalia
2350 3462 2629 3524 coriacea
2659 3458 2812 3541 fus-

204 3565 505 3630 cescentia
528 3562 766 3643 glabra,
808 3564 1042 3625 lamina
1072 3562 1335 3645 oblonga
1369 3567 1726 3628 acuminata
1751 3566 1932 3647 longe
1956 3566 2247 3649 petiolata
2271 3568 2551 3647 pinnata,
2582 3565 2812 3645 pinnae

200 3667 533 3751 petiolatae
563 3667 968 3748 anqustioreS,
1006 3685 1039 3728 e
1062 3665 1198 3728 basi
1224 3674 1553 3748 anqustata
1577 3670 1802 3731 sensim
1831 3668 2465 3732 lineali-lanceolam
2496 3684 2697 3747 usque
2727 3664 2809 3726 ad

205 3789 528 3834 summum
577 3768 707 3838 tere
753 3772 994 3851 apicem
1029 3770 1174 3850 plus
1220 3770 1512 3833 minusve
1540 3779 1819 3834 serratae
1858 3773 2202 3851 (nunquam
2238 3773 2587 3846 crenatae);
2634 3769 2814 3831 nervi

203 3871 563 3937 secundarii
601 3872 1144 3954 repetito-furcati
1180 3875 1220 3937 l.
1264 3874 1564 3955 pinnatim
1610 3874 1883 3954 dispositi
1920 3875 2133 3937 nervis
2177 3872 2475 3936 tertiariis
2507 3871 2803 3948 turcatis3

194 3982 429 4064 pinnae
456 3978 684 4059 fertiles
717 3976 1091 4058 plerumque
1125 3977 1436 4056 laterales,
1474 3978 1686 4039 rarius
1719 3977 2067 4039 terminales
2095 3986 2159 4039 et
2185 3975 2500 4039 laterales.
2560 4037 2564 4041 .

378 4082 546 4148 nab.
597 4076 693 4142 Ad
728 4090 975 4161 portum
1002 4080 1313 4161 Sorzogon
1344 4082 1408 4143 in
1440 4082 1647 4144 insula
1679 4083 1912 4142 Luzon.
1973 4078 2239 4161 (Haenlce
2272 4081 2338 4141 in
2366 4079 2550 4152 herb.
2577 4080 2801 4156 Presl).

200 4190 395 4252 Java:
447 4186 514 4246 ln
548 4187 752 4245 Monte
782 4180 1009 4245 Tidore
1049 4183 1330 4268 (Blume).

386 4307 473 4352 va
494 4307 546 4349 r.
601 4289 876 4348 minor.
944 4273 1178 4348 Pinnae'
1211 4287 1419 4349 minus
1451 4285 1753 4350 distincte
1784 4295 2085 4350 serratae.

380 4393 531 4469 Syn.
612 4387 941 4452 Osmunda
1000 4390 1376 4451 Haenkeana
1437 4390 1608 4451 Presl
1667 4391 1730 4450 in
1791 4389 2066 4471 Abhdlg.
2125 4390 2342 4451 Bohm.
2405 4386 2800 4450 Gesellscbst.

200 4496 433 4575 Suppl.
483 4494 678 4555 Tent.
732 4491 1068 4573 Pteridogr.
1132 4491 1340 4574 (4847)
1391 4511 1454 4572 p.
1507 4492 1655 4556 327.
1707 4527 1796 4538 ——
1838 4494 2191 4556 Plenasium
2245 4490 2803 4554 bromeliaeiolium

201 4597 384 4662 Presl
432 4598 610 4658 Tent.
670 4594 1019 4676 Pteridogr.
1072 4617 1136 4677 p.
1190 4597 1335 4657 326.
1393 4628 1471 4639 -
1532 4573 1957 4677 Nephrodium
2014 4593 2577 4657 bromeliaesolium
2632 4593 2811 4656 Presl

202 4702 339 4763 Rel.
408 4700 779 4764 Haenkean.
846 4701 893 4761 l.
962 4701 1068 4761 33.
1136 4732 1214 4748 --
1293 4697 1620 4761 Osmunda
1686 4700 2003 4781 zeylanica
2062 4700 2206 4766 Kze·
2281 4698 2546 4764 Farnkr.
2612 4696 2799 4761 color.

198 4800 509 4883 Abbildg.
556 4795 763 4886 (⁴850)
800 4822 862 4888 p.
902 4803 1005 4870 52.
1044 4801 1197 4872 Tab.
1237 4801 1384 4872 ⁴22.
1424 4834 1510 4853 --
