3450 5367
1358 336 1718 410 Asplenium.
2389 429 2401 441 ο
2759 332 2844 396 ’19

242 505 567 586 graviores
596 522 739 566 cum
772 500 1075 585 Asplenio
1105 504 1264 566 Ruta
1297 503 1575 566 mun-aria
1606 521 1974 566 communes
2004 511 2192 566 sunt:
2256 501 2589 568 fasciculus
2621 505 2840 586 petioli

245 608 496 670 macula
542 608 717 689 nigra
760 608 1116 688 anteposita
1159 616 1433 685 notatus,
1488 605 1810 670 indusium
1855 607 2157 685 ciliatum,
2205 604 2319 669 sed
2349 607 2493 670 cilia
2524 608 2836 689 breviora,

244 728 473 791 sperae
518 712 899 786 muricstae3
962 719 1244 773 attamen
1290 709 1502 772 differt
1543 711 1750 774 colore
1795 712 1957 773 laete
1984 708 2172 773 viridi
2218 730 2335 773 nec
2376 710 2835 791 glaucescente,

244 813 479 893 petiole
522 823 587 877 et
616 813 843 877 lamina
876 812 1180 896 flaccidis,
1233 814 1984 877 tenui-membranaceis
2024 822 2089 875 et
2130 814 2292 877 soris
2334 813 2532 876 solam
2563 814 2840 877 infimam

244 916 433 979 basin
466 901 931 997 segmentorum
964 917 1324 981 ultimorum
1359 916 1844 998 occupantibus,

423 1019 691 1082 Petiolus
722 1022 934 1084 tenuis
962 1039 1168 1102 usque
1196 1019 1280 1083 ad
1311 1021 1590 1083 infimam
1622 1020 1805 1082 basin
1843 1017 2082 1098 viridis,
2126 1017 2231 1095 (3''
2265 1020 2507 1101 longus)
2547 1022 2840 1084 laminam

134 1106 145 1123 “
244 1123 436 1204 longe
465 1141 810 1203 superans;
876 1124 1105 1187 lamina
1137 1124 1747 1186 ovato-lanceolata
1781 1124 2010 1186 obtusa
2061 1120 2166 1200 (2¹¹
2197 1123 2449 1206 longa);
2516 1135 2840 1205 segmenta

243 1229 294 1288 l.
344 1230 419 1290 O.
469 1225 713 1290 inferne
766 1227 971 1290 laxius
1015 1245 1089 1289 ac
1126 1229 1194 1288 in
1239 1225 1316 1289 A.
1368 1228 1525 1289 Ruta
1576 1228 1851 1290 muraria
1905 1224 2249 1307 disposita,
2314 1243 2589 1308 superne
2641 1231 2842 1308 magis

245 1331 720 1413 approximate;
770 1340 1091 1413 segmenta
1133 1330 1356 1394 ultima
1399 1328 1500 1391 3‘''
1536 1333 1681 1394 lata.
1761 1330 1979 1393 Paleae
2007 1338 2073 1391 et
2117 1328 2450 1411 glandulae
2483 1331 2841 1395 rhizomatis

249 1442 322 1496 ut
353 1435 419 1495 in
449 1432 524 1496 A.
560 1435 723 1496 Ruta
755 1434 1052 1496 muraria.

419 1535 516 1598 Ab
546 1537 843 1619 Asplenio
874 1536 1085 1619 lepido
1117 1538 1216 1600 cui
1250 1538 1665 1600 architectura
1701 1536 1971 1599 laminae
2003 1535 2743 1600 tenui-membranaceae
2776 1548 2839 1600 et

194 1711 205 1718 .
248 1642 593 1721 segmentis
624 1641 864 1705 ultimis
898 1641 1102 1704 simile
1132 1638 1345 1702 differt
1376 1638 1793 1720 dispositione
1831 1659 2112 1730 sorprum
2146 1649 2210 1703 et
2242 1641 2531 1703 absentia
2563 1640 2843 1723 glandu-

248 1746 448 1806 larum
482 1745 752 1807 laminae
782 1755 847 1808 et
876 1744 1132 1823 indusii,
1172 1754 1245 1808 ut
1275 1753 1497 1808 natura
1532 1743 1809 1807 fasciculi
1843 1745 2084 1825 petioli.

244 1914 320 1948 ³³*
364 1915 775 1980 lndusium
824 1918 1218 1980 ciliatum.
1336 1914 1772 1999 Cylindrus
1815 1915 2189 1978 fasciculi
2238 1915 2526 1997 petioli
2576 1915 2838 1978 infimi

612 2022 901 2084 obtuse
946 2024 1110 2083 3-4
1161 2020 1545 2097 angulus,
1596 2020 1906 2082 macula
1952 2018 2175 2101 nigra
2224 2019 2473 2083 nulla.

422 2158 527 2223 19.
588 2158 665 2220 A.
712 2159 995 2237 lepidum
1035 2159 1209 2221 Presl
1248 2159 1326 2218 in
1371 2157 1742 2238 Verhdlg.
1796 2155 2076 2220 vaterl.
2126 2159 2545 2219 Museums.
2615 2154 2829 2242 (4836)

245 2280 311 2342 p.
351 2260 388 2320 7
444 2258 609 2342 (63);
676 2259 846 2322 idem
891 2262 955 2322 in
999 2263 1285 2323 Teutam.
1324 2258 1672 2341 Pteridogr.
1724 2279 1865 2341 pag.
1908 2261 2030 2321 408
2084 2259 2132 2342 (4
2151 2259 2327 2341 837).
2377 2295 2457 2306 —-
2510 2260 2742 2324 Todaro
2775 2264 2837 2324 in

245 2362 541 2426 Giornale
573 2364 672 2426 Sc.
711 2372 844 2428 nat.
882 2363 943 2425 di
977 2366 1278 2426 Palermo.
1336 2364 1469 2427 Vol.
1507 2365 1553 2426 Ι.
1604 2364 1758 2427 fasc.
1797 2365 1893 2425 ΙΙΙ.
1931 2373 1994 2426 et
2023 2364 2119 2427 lv.
2172 2382 2313 2445 pag.
2352 2364 2501 2426 22⁴7.
2540 2399 2621 2411 --
2654 2365 2840 2428 Milde

247 2468 383 2529 Bot.
419 2469 543 2550 Ztg.
594 2466 798 2550 (4866)
839 2473 948 2530 No.
990 2469 1093 2532 50.
1130 2488 1192 2549 p.
1235 2470 1382 2531 392.

419 2572 571 2648 Syn.
628 2571 924 2633 Tarachie
957 2570 1164 2651 lepida
1189 2569 1359 2633 Presl
1385 2571 1648 2651 Epimel.
1682 2569 1817 2632 bot.
1854 2589 1917 2650 p.
1939 2570 2007 2631 84
2061 2566 2225 2652 (444)
2273 2571 2424 2632 4854
2467 2572 2530 2633 in
2557 2570 2831 2654 Abhdlg.

209 2672 460 2734 OEohm.
499 2674 648 2736 Ges.
683 2672 1121 2739 Wissenschft.
1159 2675 1257 2740 Vl.
1286 2673 1399 2736 Bd.
1447 2672 1687 2757 (4854).
1725 2707 1808 2720 -
1840 2671 2208 2752 Asplenium
2243 2673 2460 2737 fissum
2497 2694 2626 2736 var.
2669 2677 2839 2756 lepi-

246 2774 399 2837 dum
434 2777 635 2839 Moore
667 2777 800 2840 lnd.
840 2778 929 2840 fil.
966 2796 1027 2857 p.
1070 2778 1213 2838 430.
1245 2809 1320 2821 -
1363 2776 1440 2839 Α.
1481 2776 2004 2858 brachyphyllum
2039 2775 2301 2856 Gaspar.
2337 2777 2404 2838 in
2434 2778 2634 2841 Rend.
2673 2778 2835 2841 della

206 2895 209 2898 “
248 2879 402 2941 real.
442 2878 620 2942 acad.
658 2877 826 2942 delle
856 2881 1054 2944 scien.
1091 2877 1156 2941 di
1180 2880 1397 2960 Napoli
1423 2880 1485 2940 3.
1525 2897 1588 2960 p.
1616 2879 1761 2940 408.
1804 2909 1880 2924 --
1918 2878 2096 2941 Guss.
2136 2880 2291 2961 Syn.
2328 2880 2392 2942 fl.
2424 2881 2537 2943 sic.
2576 2882 2830 2944 2.Part.

247 2982 309 3041 2.
360 2981 422 3043 in
453 2979 603 3043 add.
639 2992 704 3047 et
733 2981 984 3047 emend.
1031 3002 1093 3064 p.
1133 2984 1280 3045 885.
1329 3015 1416 3029 -—
1472 2982 1546 3044 A.
1586 2981 1804 3044 fissum
1839 2979 2084 3062 Heufler
2125 2980 2415 3065 Verhdlg.
2464 2985 2616 3047 zool.
2642 2984 2831 3047 -bot.

248 3084 394 3146 Ges.
430 3086 697 3149 inWien
737 3084 784 3170 (4
801 3085 945 3169 859)
988 3106 1050 3167 p.
1083 3088 1421 3151 309-342
1455 3107 1514 3148 e.
1553 3106 1617 3167 p.
1658 3120 1737 3131 --
1779 3084 2010 3148 Todoero
2035 3086 2264 3148 Enum.
2298 3086 2363 3150 fl.
2395 3088 2504 3150 sic.
2541 3090 2600 3150 4.
2638 3107 2700 3168 p.
2725 3089 2831 3167 23,

244 3206 371 3250 non
402 3189 526 3252 Kit.
620 3185 630 3196 ’

417 3290 710 3355 Rhizoma
741 3291 1176 3373 brevissimum,
1227 3295 1403 3375 apice
1440 3294 1642 3377 paleis
1673 3292 2023 3375 aggregatis
2057 3293 2343 3375 angustis
2375 3292 2833 3375 nigricantibus

245 3396 508 3459 enerviis
568 3398 889 3476 vestitum,
955 3397 1222 3460 cellulae
1281 3398 1607 3478 palearum
1667 3397 1906 3460 lumine
1956 3396 2403 3478 angustissimo
2462 3397 2827 3460 instructae.

243 3500 417 3562 Folia
478 3497 770 3584 4ᾖ-3ῌ
828 3502 1007 3582 longa
1070 3500 1237 3582 lonye
1290 3502 1584 3582 petiolata
1640 3501 1908 3585 undique
1959 3501 2103 3583 pilis
2164 3499 2504 3564 articulatis
2562 3500 2837 3564 brevibus

243 3604 416 3684 apice
443 3601 888 3685 ytanduliqeris
915 3604 1152 3666 vestita.
1247 3604 1504 3667 Petiolus
1538 3602 1787 3688 l-Qn
1820 3604 2047 3685 longus
2081 3604 2269 3667 tenuis
2299 3622 2526 3684 opacus
2558 3603 2695 3666 basi
2718 3606 2855 3666 vioe·

239 3706 578 3788 fuscescens
608 3706 1084 3770 canaliculatus.
1194 3707 1453 3768 Lamina
1486 3707 1883 3788 pyramidata
1923 3714 2107 3770 ovata
2151 3705 2363 3768 obtusa
2409 3707 2832 3769 tenui-mem·-

245 3809 555 3873 branacea
586 3808 1170 3891 bi-tripinnatisecta
1202 3828 1419 3889 opaca.
1498 3811 1815 3891 Seymenta
1845 3811 1885 3870 Ι
1887 3857 1900 3871 .
1942 3811 2013 3872 Ο.
2043 3827 2253 3891 pauca
2276 3809 2588 3890 petiolata,
2627 3809 2834 3887 infima

245 3921 431 3976 ovata
487 3910 697 3975 obtusa
758 3915 1178 3993 pinnatisecta
1239 3914 1278 3973 l.
1332 3913 1814 3994 pinnatipartita
1857 3913 2158 3993 patentia,
2225 3911 2546 3993 superiora
2602 3920 2832 3974 erecto-
2913 3981 2924 3990 .

237 4017 515 4099 patentia
559 4016 896 4098 segmentis
938 4014 1331 4080 secundariis
1374 4017 1627 4078 omnino
1673 4015 2015 4079 conformia
2075 4015 2199 4076 cito
2254 4033 2396 4076 cum
2440 4015 2615 4094 apice
2667 4034 2834 4077 con-—

243 4121 537 4200 fluentia,
587 4120 794 4181 omnia
838 4120 1079 4182 alterna
1127 4120 1452 4183 distantia.
1544 4119 1863 4202 Seymenta
1905 4118 2114 4181 ultimi
2159 4114 2398 4179 ordinis
2441 4117 2736 4197 petiolata
2784 4118 2826 4180 l.

242 4222 614 4287 subsessilia
649 4223 1029 4304 paucissima
1071 4242 1103 4288 e
1147 4223 1284 4286 basi
1324 4224 1729 4305 integerrima
1776 4221 1894 4285 late
1940 4228 2201 4285 cuneata
2258 4220 2451 4283 amice
2502 4221 2834 4284 rotundaca

241 4323 520 4411 Ξῇ-ΒΨ
552 4326 679 4389 lata
710 4335 776 4388 et
807 4323 906 4389 4'''
942 4326 1120 4407 longa
1154 4326 1388 4406 tribba,
1425 4326 1587 4389 lobis
1621 4328 1761 4389 basi
1789 4326 2052 4406 paulum
2086 4324 2440 4405 angustatis
2471 4326 2619 4386 sinu
2648 4332 2833 4386 acuto

242 4430 662 4494 interstinctis
693 4430 866 4510 apice
895 4429 1156 4492 arcuatis
1185 4439 1248 4491 et
1279 4430 1817 4510 inciso-crenatiS,
1855 4425 2160 4491 dentibus
2192 4427 2457 4491 summis
2488 4427 2656 4490 2-4
2691 4426 2832 4489 fas—

240 4534 504 4614 tigiatis,
586 4534 996 4614 Segmentum
1037 4532 1308 4596 laminae
1351 4533 1680 4596 terminale
1726 4533 2074 4613 segmentis
2121 4533 2191 4594 11.
2239 4532 2316 4593 Ο.
2345 4532 2620 4592 omnino
2666 4533 2831 4591 con—-

239 4636 439 4699 forme
467 4637 838 4718 petiolatum
868 4635 1179 4717 profunde
1211 4637 1757 4699 inciso-lobatum
1790 4644 2067 4699 ceterum
2099 4635 2288 4715 paulo
2320 4635 2546 4713 majus.
2645 4634 2828 4697 Costa

239 4739 443 4803 media
489 4759 616 4802 non
660 4737 995 4818 distincta3
1065 4741 1244 4802 nervi
1298 4738 1872 4821 repetito-furcati
1926 4746 2151 4801 tenues
2196 4737 2450 4800 dorsum
2498 4754 2826 4799 crenarum

235 4854 526 4927 petentes
558 4844 743 4924 longe
773 4844 895 4906 sub
931 4845 1206 4924 margine
1242 4845 1510 4906 laminae
1542 4846 2019 4925 evanescenteS,
2056 4857 2181 4904 non
2212 4840 2467 4903 clavati.
2519 4842 2656 4903 Sori
2682 4855 2833 4922 seg·—
